1959 3316
880 209 1066 249 xxvux,
1127 207 1130 210 ’

297 347 433 394 Haec
474 347 656 403 omnia*
680 355 794 393 sunt
832 361 961 410 ‘quae
1000 345 1050 391 in
1081 347 1239 410 prima
1283 335 1762 408 paginafleguntur.

171 435 249 481 Ad
277 434 462 481 calcem
496 445 669 500 extant
701 435 848 482 haec:

557 523 679 572 Cum
716 521 886 569 Gratia
920 535 949 565 τ
981 515 1255 580 Priuilegio
1291 519 1369 566 Ob
1402 520 1617 566 Inuetio'-

559 625 685 655 nem·
707 607 973 655 Ordinem.
1005 604 1223 651 Modum.
1236 659 1243 665 .
1255 605 1469 652 Industri

556 710 647 740 am.
674 692 1217 751 Tabulam.3PostillaS.
1247 712 1277 741 τ
1309 692 1461 750 Quot-

557 782 767 841 ta'tiones
798 772 1262 844 Auctoritatffssic).

307 866 487 913 Procul
520 865 668 913 dubio
710 867 830 912 haec
876 865 1025 924 editio
1053 867 1283 916 Venetiis
1305 871 1538 932 prodiit,
1569 871 1620 917 id
1650 871 1780 932 quod·

180 963 319 1014 patet
360 964 459 1000 tam
510 971 576 1000 ex
622 965 843 1016 typorum
889 963 939 999 et
986 953 1267 1003 lemmatum
1312 959 1501 1003 ratione
1537 974 1679 1016 quam
1710 973 1778 1003 ex

182 1041 308 1101 ipsis
332 1039 654 1098 lectionibus,
687 1056 890 1103 quarum
928 1026 1194 1088 nonnullae
1222 1042 1475 1101 interpreti
1516 1052 1629 1088 sunt
1668 1060 1780 1104 pro-

186 1129 343 1187 priae.
386 1127 637 1190 Interpres
651 1130 777 1189 ipse,
802 1141 945 1189 quem
976 1127 1195 1173 Passow.
1230 1127 1433 1172 nimium
1460 1128 1687 1188 extollit,
1730 1132 1782 1177 in

189 1212 404 1274 epistola
457 1214 758 1261 dedicatoria
808 1229 859 1259 se
911 1215 1130 1259 nom’mat
1183 1198 1511 1275 „Scipionem
1563 1223 1784 1263 nemetum

191 1298 401 1361 Georgii
430 1299 590 1347 filium
622 1301 680 1347 de
714 1299 994 1362 uerolego“
1032 1310 1080 1346 et
1110 1299 1149 1345 F
1150 1302 1399 1347 ranciscus
1432 1314 1650 1351 rosset'us
1681 1304 1785 1351 Ve-

187 1390 418 1434 ronensis
443 1390 496 1433 in
524 1389 684 1435 literis
716 1387 938 1442 salutem,
960 1386 1152 1449 dicitp„
1168 1387 1388 1449 Scipioni
1418 1399 1596 1435 ueneto
1630 1389 1788 1436 Geel·-

193 1475 266 1534 gii
289 1473 398 1518 filio
425 1474 483 1520 de
514 1475 881 1534 monteferrato.
946 1471 1023 1518 De
1052 1474 1349 1535 impressore
1374 1485 1534 1522 tamen
1570 1494 1670 1524 non
1700 1477 1789 1522 ha-

191 1560 288 1613 beo
335 1561 463 1623 quod
507 1570 734 1618 statuam,
780 1558 892 1605 vide
918 1557 1093 1605 Eberc.
1122 1554 1400 1608 n.—1625'9.:
1437 1553 1791 1621 (Bernardinus

190 1645 456 1708 Uenetus).
1270 1698 1274 1701 .

215 1746 224 1753 ⁴
258 1736 435 1799 27⁸*sp
471 1751 513 1782 s.
545 1734 580 1780 l.
619 1744 668 1781 et
698 1752 742 1780 a.
791 1733 947 1797 (Lips.
980 1733 1073 1781 Mt.
1111 1734 1372 1798 Herbipol.
1418 1738 1545 1782 circa
1576 1754 1619 1783 a.
1650 1741 1789 1783 1500.

197 1821 310 1883 fol.)
348 1822 547 1880 „Persii
572 1821 733 1867 Flacci
767 1821 1066 1869 nobilissimi
1092 1821 1300 1881 Satyrici
1332 1824 1530 1867 unicus:
1574 1820 1661 1866 sed
1689 1820 1792 1867 ele-

198 1910 486 1970 gantissim⁹
531 1906 811 1966 Satyrarum
854 1904 1056 1963 liber,“
1104 1907 1255 1950 editio
1296 1907 1517 1967 gothica,
1550 1908 1796 1954 'adornata

201 1994 263 2041 ab
299 1993 580 2039 Hermanno
612 1991 823 2039 Buschio
852 1990 1103 2053 Pasiphilo
1127 2026 1141 2049 ‚
1173 1993 1380 2052 iuvene,
1411 2002 1464 2038 ut
1496 2003 1696 2055 apparet
1728 2009 1794 2040 ex

200 2083 551 2142 epigrammate
582 2095 676 2126 sex
705 2077 1022 2131 distichorum
1057 2079 1116 2126 ad
1143 2078 1330 2127 finem:

334 2184 454 2231 ergo
490 2181 581 2229 age
613 2167 891 2229 primicias:
921 2173 1113 2213 nostre:
1149 2166 1391 2212 studiose:
1429 2171 1628 2214 iuvente

330 2256 446 2305 Sint
479 2232 702 2317 quamuis
734 2252 921 2301 modice
957 2263 1009 2299 tu
1041 2262 1229 2299 tamen:
1265 2249 1373 2301 oro':
1407 2252 1538 2316 lege.

972 2400 974 2402 Ι
1071 2341 1192 2387 Vide
1237 2341 1407 2389 Ebert.
1447 2358 1496 2387 n.
1533 2344 1703 2387 16258.

266 2432 469 2496 28.³X.
514 2431 592 2480 Ad
634 2431 818 2480 calcem
853 2429 1016 2491 posita
1064 2436 1177 2483 sunt
1213 2428 1354 2476 haec:
1408 2429 1802 2489 „Persiuscum

205 2521 390 2583 duplici
417 2518 580 2580 (Badii
598 2518 828 2564 Ascensii
857 2527 906 2563 et
932 2518 1036 2569 Ioa.
1055 2516 1363 2576 Britannici).
1387 2526 1659 2563 commento
1693 2515 1805 2563 finit

202 2607 436 2657 feliciter,
472 2606 710 2667 Lugduni
725 2605 898 2654 solerti
917 2623 1066 2668 opera
1089 2607 1328 2653 Iohannis·
1359 2607 1418 2673 de
1448 2607 1629 2667 vingle.
1659 2604 1802 2652 Anno

206 2694 397 2744 salutis.
440 2690 714 2740 Millesimo
767 2694 1177 2759 quingentesimo.
1234 2708 1325 2739 vn.
1386 2692 1651 2761 AugustiJ‘
1692 2689 1800 2735 vide

208 2797 331 2844 quae
366 2782 473 2825 dixi
500 2781 557 2826 de
592 2781 666 2825 ed.
706 2779 767 2833 Q.
798 2781 941 2828 infra.
973 2780 1145 2831 Ebert.
1179 2797 1227 2828 n.
1259 2784 1433 2831 16254.
1616 2759 1622 2767 t

270 2874 349 2915 29.
398 2867 449 2917 Τ.
490 2867 541 2914 ’8.
587 2885 632 2914 a.
671 2871 911 2931 impressa
945 2880 1159 2916 exeunte
1205 2885 1353 2927 saec..
1378 2866 1494 2921 XV·
1535 2866 1745 2910 Pari-⁹2²²?
1775 2882 1803 2911 a

202 2954 354 3004 Mich.
388 2953 654 3003 Toulouse.
722 2956 923 3018 Insigne
955 2958 1138 3020 typoth.
1175 2956 1262 3005 fol.
1298 2963 1343 3008 1.
1382 2967 1554 3000 nomen
1581 2951 1676 2997 fert
1704 2950 1804 2997 Mi-

205 3042 336 3093 chiel
367 3032 621 3106 Thelme,
662 3044 749 3093 sed
780 3046 832 3092 in
864 3044 954 3097 fol.
989 3051 1085 3100 18a.
1151 3055 1325 3097 extant
1358 3043 1505 3103 haec:
1538 3034 1806 3088 Exaratum
