1959 3316
930 165 993 214 24

288 314 392 361 Nec
412 314 630 377 linguae,
657 323 886 378 quantum
908 314 1042 358 sitiat
1064 312 1196 358 canis
1208 311 1385 373 Apula,
1400 319 1584 356 tantum
1603 311 1613 356 l
1652 307 1768 372 [CO]

288 440 432 499 Vos,
465 458 494 488 ο
527 442 760 505 patricius
787 440 1019 498 sanguis,
1059 450 1180 498 quos
1227 400 1395 481 vivere
1431 436 1508 485 fas
1540 443 1617 482 est
1713 437 1773 480 75

303 565 516 627 Occipiti
543 578 716 618 caeco,
748 563 965 624 posticae
1001 561 1239 607 occurrite
1274 561 1483 615 sannae!
1519 586 1581 595 —

298 686 471 747 „Quis
512 685 686 748 populi
724 701 886 733 sermo
913 685 1061 739 estCW
1096 714 1153 721 -—
1183 684 1321 742 Quis
1349 685 1504 739 enim?
1547 684 1643 732 uisi

733 810 950 859 carmina
983 809 1123 861 molli

181 1025 357 1073 plicitum
382 1029 460 1063 est:
499 1036 573 1062 nec
597 1036 732 1062 manus
759 1027 901 1073 pinsit,
930 1024 1083 1061 mobilis
1100 1023 1249 1060 imitari
1278 1023 1303 1059 i.
1333 1035 1368 1060 e.
1397 1022 1445 1059 ad
1473 1021 1677 1060 imitandas
1710 1033 1781 1059 au-

181 1123 337 1162 riculas.
377 1123 477 1162 Vide
498 1136 598 1172 quae
624 1124 776 1162 Weber.
820 1095 961 1160 obiecit
995 1122 1044 1160 ad
1076 1121 1113 1160 h.
1143 1125 1185 1171 l„
1216 1135 1300 1161 cum
1328 1135 1403 1171 quo
1430 1127 1558 1161 tamen
1589 1123 1705 1160 nolim
1735 1136 1784 1162 ex

178 1222 396 1260 accusativo
421 1222 575 1262 relativi
611 1235 716 1272 quem
743 1224 923 1272 supplere
954 1226 1034 1270 σαῖς
1071 1228 1223 1271 repetas
1251 1223 1379 1272 potius
1417 1235 1467 1260 ex
1493 1227 1634 1272 poetae
1656 1223 1783 1261 animo

179 1320 378 1360 notionem
404 1322 625 1371 generalem
653 1324 830 1372 irridens,
863 1335 961 1374 quae
985 1323 1207 1374 perhibetur
1233 1324 1475 1368 antecedenti
1495 1323 1785 1370 enunciatione:

181 1432 214 1468 q.
246 1423 351 1459 nulla
381 1426 447 1464 cic.
478 1427 608 1474 pinsit.

284 1535 319 1560 v.
367 1525 430 1561 73.
468 1526 604 1562 nobilis
645 1526 692 1562 R.
751 1527 917 1563 cariculas
969 1523 1019 1562 Δ.
1071 1525 1264 1562 amiculas
1306 1525 1353 1561 V.
1391 1525 1537 1573 appula
1569 1529 1714 1562 tantum
1739 1525 1783 1562 P.

182 1620 220 1657 N
259 1620 305 1659 C.
345 1622 393 1660 E.
434 1623 483 1661 F.
521 1624 571 1662 H.
614 1626 655 1663 S.
694 1626 741 1663 Ο.
773 1627 822 1666 Q..
850 1627 898 1663 X.
931 1626 981 1663 T.
1009 1638 1045 1679 ρ.
1074 1626 1103 1662 I.
1160 1626 1278 1674 cvpula
1308 1629 1402 1662 tant.
1431 1623 1478 1668 A.
1506 1625 1554 1662 G.
1582 1626 1631 1662 D.
1658 1626 1708 1663 R.
1733 1625 1788 1670 Y.

182 1720 228 1757 L.
258 1720 307 1758 K.
335 1721 391 1759 M.
426 1736 463 1761 α.
488 1725 527 1772 β.
558 1738 594 1779 y.
626 1731 670 1764 R.
699 1726 817 1774 apula
848 1732 1025 1775 quantum
1056 1726 1102 1764 Β.
1130 1726 1176 1764 V.
1205 1724 1282 1774 (sic
1311 1723 1482 1762 nonnulli
1523 1724 1645 1762 Codd.
1673 1724 1790 1770 Mss.)

184 1822 335 1869 linquae
374 1828 520 1860 tamum
564 1824 609 1862 V.
647 1825 692 1861 B.
743 1825 836 1864 Noli
861 1824 995 1872 vexari
1035 1836 1094 1873 eo,
1129 1825 1230 1875 quod
1280 1824 1321 1862 in
1361 1822 1627 1864 vetustissimis
1668 1823 1789 1862 Codd.

183 1920 291 1969 Mss„
321 1935 484 1971 quorum
517 1924 679 1974 quisque
718 1936 818 1963 saec.
859 1927 928 1963 XI.
966 1930 1149 1973 superat,
1190 1928 1298 1962 extat
1322 1926 1394 1967 aut.
1413 1929 1517 1960 tante
1547 1927 1612 1960 aut
1640 1930 1791 1973 tautue3

184 2019 259 2057 hoc
295 2020 397 2060 enim
435 2034 486 2064 ex
514 2025 643 2077 glossa
672 2025 829 2064 intravit
866 2030 906 2064 ut
930 2026 1163 2074 adjectivum
1189 2024 1387 2073 pertinens
1412 2024 1462 2064 ad
1488 2036 1525 2062 v.
1551 2024 1726 2072 liuguae,
1756 2029 1795 2063 et

184 2119 307 2168 ipsius
350 2121 570 2161 Casauboni
627 2124 667 2161 in
719 2126 883 2173 gratiam
933 2124 1116 2173 adrepsit.
1187 2127 1307 2163 Tame
1353 2124 1500 2169 Pariss.
1547 2124 1646 2172 Reg.
1691 2124 1794 2179 8049

185 2237 225 2271 et
249 2234 363 2273 8070.
391 2235 434 2284 (ς
447 2236 588 2287 ἓν)
629 2252 716 2278 cum
761 2242 912 2289 glossa:
961 2251 1066 2289 „pro
1116 2241 1205 2277 late.
1224 2237 1247 2256 ‘⁸'
1301 2234 1405 2282 8048
1458 2240 1497 2274 et
1542 2237 1656 2283 6487.
1706 2240 1797 2289 abs-

184 2347 260 2382 que
297 2339 351 2382 gl.
389 2338 487 2375 Cod.
523 2340 626 2386 8055)
662 2344 793 2387 tantae
832 2351 918 2376 cum
951 2340 1005 2386 gl.
1057 2342 1243 2386 „tantum
1275 2348 1345 2386 pro
1385 2336 1508 2381 late.f‘
1558 2335 1659 2375 Cod.
1694 2337 1795 2385 8272

184 2397 426 2496 tcmtqgmmm.
449 2450 538 2488 exp.
570 2451 668 2481 corr.
691 2443 731 2477 et
747 2439 898 2478 addidit
923 2443 1113 2488 glossam:
1141 2452 1240 2488 „nec
1266 2443 1413 2480 tantum
1439 2451 1511 2488 pro
1544 2441 1666 2484 late.“
1692 2433 1806 2486 Cod.

187 2539 342 2579 Monac.
381 2547 485 2587 tante
520 2542 617 2592 (um.
655 2542 697 2585 in
730 2554 841 2581 eraso
878 2555 902 2580 a
942 2549 980 2591 1.
1019 2555 1096 2590 m.,
1134 2543 1212 2590 gh:
1243 2541 1306 2590 „i.
1352 2544 1499 2581 tantum
1533 2557 1604 2595 pro
1641 2548 1795 2597 latest).

184 2642 322 2683 Quoad
340 2655 495 2688 sensum
520 2647 672 2700 repetas
691 2643 852 2685 iterum:
873 2654 943 2688 nec
964 2654 1069 2702 quem
1085 2643 1208 2687 irrisit
1234 2649 1379 2685 tamum
1394 2645 1544 2693 linguae
1569 2657 1603 2697 q.
1632 2657 1664 2682 s.
1693 2657 1725 2682 c.
1750 2647 1794 2684 A.

235 2744 337 2781 sitiet
360 2743 406 2781 V.
439 2745 553 2781 siciat
583 2744 630 2787 A,
661 2743 707 2781 C.
742 2747 851 2783 sitias
881 2745 933 2793 A„

290 2855 326 2882 v.
353 2840 417 2888 75.
468 2846 655 2896 patricius
689 2844 733 2882 P.
772 2844 820 2893 N,
862 2846 908 2889 V.
950 2846 997 2890 B,
1029 2846 1078 2885 D.
1125 2844 1174 2892 G.
1211 2845 1257 2884 E.
1302 2847 1350 2886 Ο.
1390 2854 1434 2894 35.
1464 2850 1513 2892 ¹:-
1540 2844 1591 2890 Δ.
1621 2857 1658 2884 α.
1690 2848 1727 2895 β.
1759 2861 1794 2903 y.

241 2945 355 2996 (quos
381 2957 419 2989 v,
440 2946 470 2999 f.
505 2946 589 2995 est)
616 2946 663 2991 V.
693 2947 739 2984 Β.

238 3048 340 3104 Quid
365 3047 464 3094 enim
490 3047 565 3092 nisi
594 3046 644 3093 N.-
674 3047 723 3093 D.
753 3047 803 3093 G·
832 3046 961 3099 R.;H-
986 3049 1035 3089 K·
1065 3056 1176 3096 &³2-
1213 3050 1303 3105 ῼιιὶε
1334 3046 1461 3096 caim?
1500 3050 1545 3088 P·
1586 3050 1638 3095 A.
1686 3048 1729 3094 C,
1760 3051 1805 3093 B.-
