1959 3316
939 201 1028 232 xiv

177 338 375 385 cosdem
395 337 552 385 libros
575 338 763 402 pluries
789 339 1094 392 retractando
1109 340 1521 405 pretiosissimum
1534 341 1784 403 satiasque
1849 351 1862 355 ·

174 416 571 474 constituendum
606 437 857 475 conterant
889 439 1094 489 tempus,
1144 441 1200 470 ac
1227 425 1362 480 *laete
1396 426 1788 489 sperandumno-

173 511 253 560 bis
290 524 395 575 est,
427 517 611 564 sensim
643 514 729 561 ubi
757 515 930 561 maiori
957 512 1202 577 religione
1236 521 1286 558 et
1318 514 1480 560 studio
1509 523 1653 578 atque
1679 515 1785 561 ani-

175 604 245 647 mi
279 604 565 659 goonstantia
602 600 883 663 laborisque
931 601 1217 655 assiduitate
1240 600 1451 665 undique
1488 601 1697 648 collecta
1731 611 1780 652 et

178 689 397 750 digesta,
471 686 736 734 diiudicata
795 697 970 752 atque.
1008 688 1260 736 elaborata
1310 686 1528 735 subsidia
1572 688 1779 747 fuerint,

177 773 433 820 meliorem
503 774 755 821 veteribus
810 786 861 822 et
917 778 1233 823 maturiorem
1286 792 1433 840 posse
1490 792 1545 821 ac
1610 776 1784 821 certio-

175 874 279 907 rem
321 863 506 922 parariv
529 869 579 906 et
611 860 748 906 reddi
781 861 1003 913 salutem.
1073 861 1282 911 Codices
1316 865 1447 908 enim
1473 863 1543 907 ita
1577 860 1781 906 adhibiti

174 944 374 993 facilius
420 957 469 993 et
513 946 812 996 commodius
856 958 1064 1013 possunt
1098 964 1216 995 cum·
1251 949 1380 995 inter
1417 963 1470 999 se
1507 948 1779 1009 comparari

176 1041 227 1075 et
260 1033 311 1079 in
339 1035 536 1081 ordines
569 1037 673 1083 sive
703 1036 917 1090 familias
948 1037 1136 1098 redigi,
1169 1033 1661 1104 tum-'significantius
1696 1033 1778 1079 de-

176 1118 325 1165 scribi
361 1131 411 1167 et
443 1124 626 1170 rectius
662 1125 931 1172 aestimari.

306 1205 406 1254 Sed
444 1208 565 1256 haec
595 1209 849 1258 hactenus.
917 1211 1181 1276 Copiosius
1215 1211 1345 1262 enim
1378 1225 1472 1273 quo
1494 1211 1655 1257 minus
1687 1225 1777 1255 ex-

171 1309 370 1355 ponam,
396 1313 519 1358 quae
546 1298 605 1342 de
622 1300 841 1358 ipsorum
865 1298 1101 1343 Codicum
1123 1298 1449 1359 descriptione
1472 1307 1614 1359 atque
1629 1298 1777 1342 aesti÷

171 1383 387 1429 matione
429 1393 512 1431 aut
556 1384 613 1430 de
648 1400 819 1431 eorum
847 1382 1052 1431 familiis
1088 1384 1441 1432 constituendis
1471 1382 1773 1428 animadver-

175 1470 322 1523 tenda
365 1480 559 1527 essent,
613 1473 709 1518 etsi
744 1487 842 1518 non
869 1471 1015 1536 plane
1053 1487 1081 1516 a
1113 1486 1166 1518 re
1195 1470 1413 1516 alienum
1445 1469 1778 1526 indicaverim,

175 1564 225 1600 et
270 1557 469 1604 consilii
494 1559 591 1604 mei
619 1560 773 1616 ratio,
806 1568 855 1604 et
884 1559 1197 1618 impressoris
1229 1557 1458 1600 instantis
1487 1571 1658 1616 preces
1691 1572 1776 1601 ve-

175 1650 281 1695 tant
310 1652 360 1691 et
391 1647 573 1693 arctius
608 1646 961 1708 circumscripti
991 1643 1135 1690 huius
1170 1639 1362 1703 opellae
1396 1640 1609 1699 limites,
1640 1642 1778 1689 cuius

171 1730 418 1789 praefatio
451 1748 513 1779 ne
545 1735 596 1778 in
630 1731 810 1778 molem
838 1730 956 1777 libri
988 1737 1270 1787 excrescat,
1310 1729 1455 1783 timor
1488 1728 1630 1774 modo
1662 1726 1776 1779 sub-

173 1819 407 1864 nascitur.
1109 1804 1112 1807 Δ

308 1902 555 1951 Constitui
610 1905 805 1967 quidem
849 1906 976 1968 apud
1016 1920 1121 1959 me,
1152 1901 1264 1962 plus
1298 1904 1386 1947 otii
1418 1896 1783 1964 exoptatissimi

177 1992 220 2035 si
261 1991 453 2052 quando
482 2007 771 2037 concessum
803 1992 925 2038 mihi
960 1993 1178 2052 meisque
1213 1989 1386 2035 studiis
1416 1990 1567 2035 fuerit
1580 2022 1594 2046 ,
1634 1987 1781 2033 histo-

175 2081 298 2123 riam
354 2082 550 2125 critices·
567 2079 607 2138 ἢ
664 2083 947 2140 scriplormn
1002 2079 1310 2124 classicorum
1353 2077 1583 2137 persequi
1631 2084 1681 2121 et
1727 2076 1778 2124 in.

173 2161 333 2214 libro:
393 2163 728 2222 „bibliotheca
780 2168 996 2214 critica“
1050 2164 1484 2208 commentationes
1522 2161 1636 2207 illas
1681 2163 1779 2207 iam

174 2249 410 2312 semel**)
459 2254 729 2313 promissas
774 2269 872 2298 non
917 2252 1077 2298 solum
1114 2250 1172 2295 de
1217 2264 1307 2293 usu
1343 2259 1393 2295 et
1424 2251 1582 2310 pretio
1633 2247 1778 2294 Codi-

176 2351 285 2381 cum
329 2335 484 2395 Mss,
526 2338 611 2383 sed
643 2339 796 2405 etiam⁸
831 2337 1100 2384 editionum
1132 2334 1317 2380 saeculi
1351 2335 1468 2383 XV.
1503 2336 1571 2394 in²
1595 2336 1775 2381 consti—

175 2422 369 2479 tuendis
392 2421 687 2470 Iectionibus
721 2432 942 2482 veterum
983 2424 1274 2485 scriptorum
1302 2422 1564 2485 deponere,
1599 2439 1654 2469 ac
1688 2438 1774 2487 ge-,

283 2660 323 2709 *)
357 2662 461 2699 Nam
489 2660 573 2710 quis
601 2666 659 2700 est
684 2662 750 2712 qui
777 2662 924 2701 nesciat
944 2660 1127 2700 arctiores
1153 2661 1243 2700 huic
1268 2662 1340 2701 arti
1367 2660 1526 2709 {limites
1552 2673 1652 2701 nunc
1679 2672 1773 2700 con-

173 2722 307 2771 stimi,
337 2735 451 2773 quam
478 2723 534 2760 Io.
563 2722 736 2761 Clericus
767 2728 806 2762 et
846 2724 917 2762 Ch.
946 2724 1046 2770 Aug.
1073 2723 1324 2762 Heumannus
1360 2725 1529 2764 indolem
1564 2727 1603 2762 et
1628 2722 1773 2766 ‘faciem

174 2785 259 2831 eius
288 2787 563 2833 extenderunt,
585 2789 701 2834 atque
730 2798 752 2823 a
779 2787 876 2825 Dan.
905 2786 1090 2834 Heinsio,
1117 2785 1240 2825 Henr.
1268 2787 1447 2837 valesio,
1483 2786 1601 2835 Gasp.
1636 2784 1774 2833 Sciop—

170 2849 262 2897 pio‚
302 2852 356 2886 lo·
384 2849 477 2886 Ern.
508 2851 667 2895 Imman.
697 2848 890 2898 Walchio,
943 2849 1110 2887 Morelio
1149 2848 1288 2888 abbate
1326 2850 1488 2897 aliisque
1517 2851 1575 2885 tot
1603 2850 1642 2884 et
1669 2850 1774 2884 tanta

172 2922 259 2950 esse
292 2911 449 2957 relicta,
507 2922 580 2949 nec
616 2922 695 2950 non
723 2909 783 2949 his
807 2912 945 2952 nostris
973 2912 1108 2952 diebus
1137 2910 1226 2951 hinc
1250 2912 1340 2953 inde
1366 2923 1518 2962 sparsas
1545 2912 1692 2949 tantum
1718 2908 1778 2949 in-

173 2974 298 3012 venin·
327 2974 504 3012 Virorum
532 2976 731 3012 doctorum
759 2975 808 3011 de
833 2976 904 3012 hac
931 2987 974 3013 re
1003 2975 1204 3024 opiniones
1235 2981 1274 3015 et
1297 2972 1519 3013 doctrinas?
1544 2993 1596 3002 -—-

275 3034 340 3083 ’¹‘*)
379 3036 475 3075 Vide
506 3038 638 3076 Jahrb.
680 3038 744 3085 fii-r
770 3038 867 3083 Phil.
895 3039 972 3076 und
996 3039 1140 3087 Piiduy.
1167 3040 1279 3083 1830.
1308 3038 1354 3078 V.
1389 3038 1449 3076 12.
1482 3049 1519 3086 p.
1535 3035 1622 3078 450.
1651 3039 1729 3075 not.
1744 3036 1781 3074 1.
