1959 3316
0 3169 145 3316 Χ

948 197 1009 238 30

296 335 429 387 Men’
467 344 692 389 move-at?
738 345 915 406 quipjze
947 353 994 388 et
1028 350 1190 389 cantet
1222 347 1264 390 si
1296 346 1585 409 naufragus,
1619 346 1778 395 essem

173 585 224 623 Y.
266 586 313 624 O.
358 588 395 623 b.
435 583 533 622 hoc?
577 585 711 623 bellum
749 591 830 624 est:
871 584 927 633 A3
967 585 1004 622 b.
1043 585 1110 622 hoc
1155 586 1188 625 b.
1230 585 1319 625 est?
1345 588 1395 627 N.
1428 590 1477 628 D.
1508 590 1557 629 G.
1590 590 1638 629 K.
1665 598 1708 629 Ν.
1738 594 1779 631 2².

172 687 238 735 A3
268 689 301 723 b.
330 687 397 722 hoc
422 685 456 722 b.
488 689 556 722 est.
588 683 635 722 V.
669 684 715 722 Β.
776 686 981 725 Laudatur
1009 687 1140 725 bellum
1171 686 1267 726 hoc.-
1295 688 1329 726 b.
1357 686 1445 727 est?
1472 690 1530 739 R3
1565 691 1602 728 b.
1630 691 1721 730 hoc.-
1746 692 1779 730 b.

171 796 239 828 est.
275 789 323 825 E.
363 787 413 825 H.
458 786 498 823 S.
528 785 556 821 Ι.
585 785 638 833 L3
677 786 713 822 b.
752 786 843 824 hoc.-
880 788 912 825 h.
945 794 1011 825 est.
1044 788 1090 825 P.
1119 787 1176 834 F3
1213 782 1250 825 b.
1277 788 1344 843 hoc
1371 789 1404 827 b.
1431 789 1497 827 hoc
1529 803 1579 827 απ
1612 804 1649 828 ιι.
1676 793 1716 839 β.
1743 803 1778 838 y.

170 886 396 925 Lectionem
421 884 499 921 iam
527 896 551 921 a
570 876 756 922 Passovio
787 889 826 922 et
852 877 1004 921 Plumio
1031 887 1225 934 receptam
1248 881 1344 934 petii
1369 899 1418 925 ex
1443 884 1568 926 Codd‘.
1587 889 1777 928 vetustiss.

171 986 295 1024 Paris.
324 986 423 1033 Reg.
447 997 486 1022 n.
509 984 614 1024 8070
643 989 682 1024 et
707 985 822 1023 8272.
850 983 969 1033 (saec.
992 983 1060 1030 X.)
1093 988 1132 1023 et
1152 997 1190 1023 n.
1214 981 1316 1026 8048
1339 991 1378 1025 et
1401 987 1517 1028 8049.
1546 987 1664 1036 (saec.
1690 987 1778 1036 XI).

171 1088 315 1124 romule
352 1097 480 1123 cervos
514 1085 561 1121 D.
607 1084 655 1121 G.
693 1085 741 1121 K.
808 1097 849 1121 ce
861 1111 973 1121 .....
988 1097 1008 1121 s
1048 1085 1081 1121 R
1106 1083 1289 1133 (rasura).
1342 1097 1459 1123 cenes.
1501 1085 1543 1125 L.
1596 1098 1701 1125 cenes
1729 1086 1778 1124 F.

172 1187 224 1224 T.
254 1186 301 1225 Q.
330 1182 378 1221 X.
405 1194 442 1219 α.
470 1184 509 1230 β.
563 1179 734 1220 caenes?
762 1189 804 1221 κ,
837 1187 877 1220 ².
914 1177 966 1221 A.
996 1184 1067 1221 rel.
1102 1180 1237 1221 cenes?
1290 1182 1381 1221 Noli
1409 1187 1575 1221 mutare:
1606 1196 1665 1231 en,
1695 1185 1775 1221 Ro-

170 1279 474 1323 r'nule—ceves!
500 1282 662 1320 nedum:
690 1296 741 1320 an
753 1311 767 1330 ,
795 1284 954 1320 Romule
979 1281 1134 1322 cevmzs?
1192 1284 1217 1321 i.
1249 1296 1283 1322 e.
1312 1277 1417 1322 itane
1444 1286 1524 1330 est,
1556 1279 1776 1321 effeminate

171 1381 370 1423 Romule?
421 1382 603 1420 Passow:
658 1383 731 1420 das
772 1381 883 1421 sehon
895 1410 910 1430 ,
957 1384 1008 1421 du
1044 1383 1348 1421 schwiinzelnder
1378 1380 1582 1432 Romliny?
1633 1380 1775 1420 Maiori

173 1485 276 1524 enim
304 1480 570 1531 indignatione
594 1480 787 1519 invehitur
813 1479 855 1517 in
885 1482 1144 1519 Romanorum
1169 1481 1413 1529 quempiam:
1444 1483 1587 1530 pudeat
1608 1479 1682 1519 vie!
1714 1481 1773 1518 Au

170 1583 346 1623 versibus
386 1585 466 1619 tam
497 1579 701 1628 incomptis
727 1583 766 1616 et
790 1575 927 1616 fucatis
954 1582 1087 1627 captus
1112 1581 1242 1617 clunes
1269 1591 1362 1628 prae
1390 1578 1531 1627 gaudio
1555 1583 1593 1616 et
1616 1578 1775 1616 libidine

171 1679 379 1723 movebis?
415 1680 528 1719 Confi.
560 1688 676 1729 supra
706 1691 742 1717 v.
772 1677 948 1718 33—40
977 1683 1016 1718 et
1047 1693 1083 1719 v.
1103 1679 1165 1719 95.
1193 1680 1255 1718 97.
1307 1679 1389 1718 Val.
1418 1680 1565 1718 Probus
1595 1692 1632 1728 p.
1663 1679 1774 1719 1484.

172 1797 249 1823 non
289 1791 445 1833 prorsus
481 1784 587 1820 certa
622 1781 759 1818 docetz
791 1778 948 1817 Persius
985 1783 1158 1830 tempore
1187 1780 1314 1819 futuro
1346 1780 1450 1830 (tert.
1479 1780 1628 1827 coniug.
1658 1779 1705 1817 cf.
1738 1793 1774 1829 p.

172 1884 320 1934 1482:
347 1894 398 1920 an
424 1884 585 1920 Romule
604 1879 744 1920 cwes?
789 1878 991 1925 Significat
1016 1882 1145 1917 autem
1171 1887 1257 1917 curn
1286 1876 1522 1929 turpitudine
1548 1880 1687 1916 cedere
1714 1880 1778 1917 vel

173 1984 339 2032 turpiter
378 1977 582 2018 incurvari.
598 1978 623 1997 “
669 1976 713 2024 (i.
742 1987 777 2013 e.
817 1979 1090 2024 conquiniscere
1126 1978 1173 2016 cf.
1206 1979 1355 2016 Marcil.
1383 1980 1430 2016 ad
1464 1978 1502 2015 h.-
1537 1980 1562 2016 l.
1592 1982 1630 2015 et
1656 1978 1774 2016 Prisc.

174 2099 212 2134 p.
249 2084 337 2124 832.
365 2081 424 2120 bis
449 2062 499 2117 in*
521 2077 677 2127 Plauto)
706 2080 771 2115 aut
796 2079 993 2127 ῃιεῃιῖανες
1034 2079 1075 2117 in
1103 2083 1178 2119 vet.
1206 2079 1304 2118 eod.
1336 2080 1422 2118 voci
1450 2109 1480 2128 „
1494 2092 1587 2118 ceve
1598 2080 1627 2099 “
1652 2081 1779 2127 glossa

174 2185 265 2223 data
288 2185 389 2221 erat:
420 2189 564 2228 παντα,
607 2179 802 2228 (corrigez
828 2177 979 2227 panda)
1005 2177 1052 2217 ef.
1076 2178 1173 2218 Cod.
1203 2180 1314 2217 Bodl.
1340 2191 1388 2228 Χ,-
1417 2186 1452 2223 1.
1487 2183 1524 2221 6.
1555 2180 1616 2220 35.
1649 2180 1776 2218 exhib.

172 2290 251 2323 not.
282 2284 452 2322 Miscell.
484 2279 677 2318 Salmasii.
735 2279 912 2317 pandant
937 2284 1066 2317 autem
1088 2282 1245 2319 arbores
1273 2281 1401 2319 flexae
1418 2309 1429 2328 ,
1453 2280 1562 2318 oneri
1587 2281 1777 2318 cedentes.

175 2384 224 2423 cf.
273 2382 478 2420 Columell.
522 2384 561 2418 et
593 2378 774 2426 vitruv).
829 2391 952 2417 cevere
986 2392 1081 2429 pro:
1122 2384 1316 2422 cinaedum
1341 2393 1453 2431 ayere
1481 2383 1710 2429 acceperunt
1742 2383 1781 2418 et

175 2486 327 2524 veteres
361 2480 593 2529 interpretes
632 2485 672 2518 et
697 2479 944 2519 recentiores.
1009 2483 1195 2523 Fontius.-
1238 2485 1381 2522 bellum
1408 2482 1491 2520 hoc.
1521 2482 1664 2519 bellum
1691 2481 1779 2528 est).

174 2585 209 2623 Ο
239 2583 319 2632 tui,
364 2580 430 2632 qui
468 2585 544 2620 tam
574 2581 718 2622 lasciva
743 2555 886 2631 scripta
911 2582 1046 2625 laudas
1074 2582 1264 2634 discisque
1293 2584 1336 2633 (l.
1368 2581 1555 2632 dicisque)
1592 2580 1666 2619 hoc
1698 2580 1782 2618 bel„

171 2687 273 2723 lum:
303 2688 342 2722 et
370 2683 445 2721 hac
475 2682 618 2719 bellum
651 2685 730 2719 est:
768 2692 860 2721 esne
890 2685 971 2720 tam
997 2683 1159 2731 perditis
1188 2682 1378 2731 moribus,
1409 2682 1507 2722 haec
1532 2685 1575 2719 ut
1604 2676 1779 2728 probes?

172 2786 273 2822 Bad.
306 2782 489 2831 Ascens:)
522 2795 586 2829 an,
615 2784 795 2829 Romane,
824 2790 903 2821 tam
938 2757 1062 2821 nielli-s
1090 2790 1125 2821 et
1156 2784 1390 2830 effeminatus
1419 2785 1572 2830 effectus
1602 2793 1665 2818 es:
1691 2785 1778 2817 tan·-

174 2888 332 2933 tumque
370 2896 393 2921 a
418 2882 547 2923 nervis
574 2886 613 2921 et
638 2894 730 2921 vero
759 2883 912 2922 dicendi
938 2884 1077 2922 robore
1103 2884 1317 2933 recessisti,
1343 2890 1385 2923 ut
1412 2896 1498 2922 eum
1525 2881 1679 2928 laudes,
1714 2881 1779 2931 qui

174 2981 319 3021 omissa
354 2982 581 3030 purgatione
610 2981 739 3020 sucum
770 2984 976 3022 verborum
1003 2982 1238 3022 sectatur?“
1292 2985 1389 3022 Cum
1422 2983 1481 3020 his
1507 2981 1650 3020 faciunt
1673 2981 1780 3019 Koe-

173 3082 275 3131 nig.,
299 3081 448 3121 Nasser
478 3081 566 3130 (,‚so
601 3083 676 3132 tief
695 3083 827 3121 sanz-st
858 3081 989 3131 du?“)
1017 3088 1056 3122 et
1086 3094 1222 3122 censor
1248 3083 1315 3121 ille
1341 3081 1381 3119 in
1410 3082 1504 3121 diar.
1532 3083 1711 3122 soliolast.
1735 3094 1787 3120 m»
