1959 3316
935 151 995 193 25

288 296 427 344 Nunc
460 300 651 346 demum
690 312 890 346 numero
923 298 1106 357 fluere,
1136 309 1191 345 ut
1229 316 1313 360 per
1348 299 1456 347 leve
1480 316 1681 347 severos

290 425 522 472 Effundat
540 428 762 473 iunctura
790 443 996 489 ungues.
1038 425 1180 486 „Scit
1202 423 1399 470 tendere
1421 439 1614 469 versum
1649 423 1763 487 [65]

292 551 402 599 Non
433 568 589 609 secus,
625 570 680 598 ac
712 556 755 599 si
782 552 938 599 oculo
962 553 1209 599 rubricam
1242 552 1422 613 dirigat
1447 563 1546 594 uno
1569 563 1579 596 :
1705 553 1766 593 80

291 674 409 721 Sive
442 688 565 733 opus
596 676 648 719 in
673 689 851 730 mor-es,
886 676 937 720 in
972 674 1164 732 luxum,
1192 675 1243 718 in
1277 672 1481 734 prandia
1509 687 1682 734 regum

290 797 470 845 Dicere
482 828 537 834 —-
556 815 636 846 res
649 800 862 862 grandes
878 801 959 845 !—
974 809 1142 847 nostro
1159 801 1240 846 dat
1255 798 1396 845 Musa
1406 802 1703 860 poetae.-“—

172 1036 213 1073 V.
260 1036 304 1073 L.
344 1036 391 1073 E.
431 1037 481 1073 H.
516 1041 547 1082 Ι.
591 1038 638 1075 Ο.
673 1038 728 1075 Μ.
774 1039 822 1079 Q.
858 1035 1015 1075 sermo?
1046 1039 1135 1086 *quis
1175 1015 1271 1074 enim
1313 1034 1363 1071 Y.
1397 1046 1521 1072 sermo
1550 1041 1626 1073 est:
1666 1050 1702 1073 α.
1730 1038 1768 1083 β.

167 1137 251 1186 quis
277 1139 373 1174 enim
398 1137 468 1175 F.:
497 1138 539 1177 S.
568 1141 651 1187 quis
679 1141 776 1177 enim
802 1141 877 1177 nisi
903 1151 939 1188 ρ.
972 1139 1020 1176 Χ.
1049 1152 1086 1175 α.
1121 1140 1159 1186 β.
1188 1149 1222 1184 y.
1254 1136 1305 1180 Δ.

220 1248 373 1275 numero
398 1237 550 1284 effluere
574 1238 622 1274 D.
652 1238 698 1283 R,
727 1238 777 1275 V.
804 1239 852 1275 K.
885 1245 930 1284 Β.
962 1237 1012 1275 Δ.
1045 1239 1125 1275 lene
1149 1248 1226 1273 seu.
1251 1235 1297 1271 A.
1326 1235 1429 1270 laeve
1455 1235 1526 1272 1⁴2¹

233 1341 380 1386 Unyues
417 1344 484 1375 aut
518 1350 667 1386 ungues.
711 1345 804 1376 aut:
868 1341 1012 1387 Unyues
1057 1340 1131 1375 scis
1180 1337 1225 1374 A.
1283 1348 1396 1385 uvyes
1430 1337 1478 1377 Q.
1536 1339 1680 1375 victura
1718 1338 1771 1376 Y.

169 1440 266 1481 tend.
299 1452 441 1484 versus.

271 1548 307 1574 v.
339 1537 403 1575 80.
428 1538 519 1575 Non
550 1550 656 1576 senes
691 1550 746 1575 ac.
775 1538 823 1574 Ο.
852 1549 907 1574 ac.
938 1536 1030 1585 (del.
1060 1537 1112 1586 si)
1142 1539 1245 1574 oculo
1278 1537 1329 1574 Y.
1360 1541 1510 1574 mores!
1546 1539 1585 1573 in
1613 1538 1770 1573 luoeum!

168 1638 212 1674 Β.
250 1642 285 1674 et
308 1639 478 1687 prandia
511 1638 561 1674 N.
595 1637 628 1674 C
666 1637 715 1675 G.
745 1637 791 1674 R.
831 1638 882 1674 Y.
926 1638 973 1675 K.
1012 1638 1067 1676 M.
1111 1638 1158 1675 E.
1198 1638 1248 1673 H.
1288 1637 1328 1673 S.
1357 1636 1405 1672 Ο.
1431 1637 1481 1676 Q.
1508 1636 1562 1675 X.
1587 1636 1636 1672 T.
1667 1647 1703 1685 ρ.
1731 1648 1771 1672 α,

168 1738 209 1784 β,
237 1749 273 1787 γ.
302 1743 420 1774 tot-2.
458 1739 509 1776 Δ.
551 1741 591 1776 in
626 1740 764 1787 prand.
801 1739 845 1775 P.
882 1741 921 1775 et
955 1738 1023 1774 rel.
1053 1741 1092 1775 et
1118 1737 1174 1774 sic
1200 1737 1366 1783 scribas,
1415 1736 1521 1773 nisus
1548 1734 1775 1772 auctoritate

171 1837 359 1879 Prisciani
406 1852 443 1889 p.
500 1836 612 1876 1175.
661 1841 700 1881 et
733 1838 841 1875 mult.
878 1836 1002 1875 Codd.
1039 1834 1170 1875 variae
1206 1834 1354 1872 aetatis.
1406 1833 1633 1882 Exaggerat
1670 1834 1774 1871 enim

171 1936 329 1987 propius
366 1938 474 1987 quasi
496 1937 683 1976 accedens
720 1939 857 1985 poeta,
895 1947 971 1973 non
1008 1935 1175 1984 explicat
1195 1929 1199 1937 ⁷
1221 1934 1476 1983 potentiorum
1505 1946 1632 1972 mores
1665 1916 1775 1982 (vide

177 2020 326 2084 ‚ephon—1⁷.
355 2035 632 2084 Heidelbergg.
671 2036 713 2072 in
762 2045 923 2076 censura
961 2032 1052 2072 edit.
1092 2034 1309 2074 Achaintrii
1338 2035 1390 2074 'et
1424 2036 1533 2074 Web.
1573 2035 1622 2072 ad
1648 2034 1686 2072 h.
1711 2034 1774 2082 L),

173 2133 314 2171 deinde
341 2136 502 2183 utroque
528 2133 603 2172 hoc
627 2145 739 2173 versu
768 2133 817 2175 de
853 2132 970 2172 satira
999 2136 1146 2178 tantum
1182 2135 1361 2184 loquitur.
1388 2137 1479 2175 Non
1511 2134 1701 2181 suffragor
1726 2133 1776 2171 iis

172 2233 469 2291 interpretibus,
524 2236 589 2288 qui
619 2235 787 2284 singulas
813 2246 927 2276 voces
951 2246 1021 2284 pro
1047 2234 1164 2274 variis
1194 2234 1403 2273 carminum
1430 2235 1637 2284 generibus
1673 2234 1777 2272 acci-

173 2332 307 2382 piunt,
355 2346 477 2371 mores
512 2345 582 2382 pro
619 2334 841 2383 comoedia,
867 2327 1008 2377 'luxum
1042 2347 1113 2391 pro
1153 2334 1272 2379 satira
1313 2334 1386 2389 (ita
1425 2336 1584 2374 Cornut.
1612 2336 1776 2377 'Ferran

176 2431 335 2473 Marcil.
380 2431 491 2480 etc),
518 2436 686 2482 prandia
712 2447 783 2483 pro
816 2435 1018 2482 tragoedia
1041 2441 1199 2483 propter
1224 2436 1406 2482 Thyestis
1436 2446 1482 2472 ac
1512 2433 1632 2474 Terei
1661 2433 1780 2479 tragi-

175 2544 239 2571 cas
268 2533 412 2581 epulas.
453 2532 530 2571 vid.
573 2506 692 2571 orell.
723 2532 798 2581 (ita
825 2533 983 2573 Cornut.
1011 2534 1164 2574 Ferrar.
1196 2536 1345 2575 Marcil.
1376 2535 1540 2574 Casaub.
1572 2508 1777 2582 Passow.)

177 2634 390 2678 Verborum
427 2633 734 2678 coniunctionem
773 2634 1032 2676 ordinaverim
1066 2636 1145 2674 ita:
1184 2639 1264 2676 Scit
1287 2640 1446 2680 tendere
1473 2651 1620 2679 versum
1654 2668 1662 2677 .
1691 2667 1701 2676 .
1730 2666 1741 2678 .
1769 2668 1778 2677 .

176 2746 250 2773 meo
265 2748 278 2775 .·
322 2735 429 2785 (vide
469 2735 657 2784 casaub.)
689 2738 806 2783 Musa
844 2740 932 2787 ipsa
968 2738 1107 2783 scilicet
1152 2741 1220 2783 dat
1254 2741 1383 2786 nostro
1421 2748 1555 2791 poetae
1582 2744 1658 2779 sive
1686 2752 1781 2789 opus

178 2835 206 2872 i.
246 2848 281 2879 e.
319 2850 473 2876 carmen
512 2837 679 2892 grande3
711 2850 812 2878 non:
849 2851 945 2889 opus
985 2839 1065 2888 sit.)
1107 2843 1148 2880 in
1186 2853 1321 2889 mores,
1353 2840 1468 2890 (sive)
1499 2844 1541 2880 in
1565 2843 1711 2891 lta-mn,
1743 2844 1782 2879 in

179 2935 345 2989 prandia
372 2950 499 2988 reyum
528 2960 577 2966 --
615 2951 676 2977 res
698 2942 891 2989 grandes!
917 2962 967 2969 ——
995 2942 1129 2979 dicere.
1158 2942 1204 2980 cf.
1234 2956 1269 2982 v.
1299 2944 1358 2981 16.

230 3045 265 3080 Vr
291 3034 357 3082 52*
388 3048 449 3080 res
471 3041 630 3095 {arandis
659 3041 709 3081 Ο.
749 3041 891 3096 afferre
921 3043 1094 3089 ducmms
1121 3043 1168 3080 A.
1200 3043 1269 3083 rel.
1300 3053 1402 3090 omn.
1431 3042 1572 3091 afferre
1602 3042 1783 3080 videmus.

1765 3257 1820 3316 f

1823 3155 1959 3257 f„
