1959 3316
937 225 1042 255 lv‘

149 349 248 409 ,ter
293 376 401 408 eam
444 356 652 405 rationis
681 367 731 403 et
765 357 1002 427 veritatis.
1067 356 1180 424 Non
1210 357 1471 422 loquor‘de
1505 359 1615 404 istis
1650 375 1772 421 quos

170 447 324 510 vulgo
351 445 517 495 minus
550 440 732 491 debeas
760 442 1011 508 despicere
1046 458 1188 507 quam
1221 445 1446 503 miserari
1470 443 1655 501 sciolis,
1692 447 1776 507 qui

173 544 229 580 ut
254 543 406 581 tutam
437 530 582 578 modo
617 529 767 576 vitam
804 508 1056 575 staBiliant
1086 539 1138 575 et
1168 531 1361 586 vivant,
1406 531 1578 575 invitis
1611 529 1774 576 Musis

176 633 377 681 operam
407 616 569 662 literis
603 602 811 672 navant,
847 630 1005 678 neque
1043 626 1098 663 ut
1132 626 1261 663 totos
1295 629 1347 661 se
1380 614 1443 660 iis
1477 612 1670 671 dedant,
1702 616 1778 660 vi-
1807 588 1840 620 ἓ

174 722 291 752 vere
335 703 541 754 audent3
587 701 670 763 qui
696 700 895 763 publico
931 704 1060 764 quod
1091 704 1329 749 maturius
1364 715 1519 763 aequo
1552 697 1779 745 omnibus

166 790 365 839 ¹viribus:
401 796 643 849 venantur
686 801 889 832 munere
936 797 987 834 et
1024 790 1069 834 si
1113 788 1226 838 Diis
1266 788 1431 851 placet
1473 793 1779 842 ornamento,

177 876 306 943 quod
336 858 600 936 aliquando
644 880 759 916 sunt
795 863 1113 934 capessituri',
1161 883 1264 920 tuto
1305 864 1458 934 potiri
1498 881 1553 918 ut
1589 871 1782 934 possint

176 962 371 1024 riteque
395 958 553 1018 fungi,
582 957 809 1019 praeside
857 968 907 1006 et
937 959 1057 1006 duce
1085 959 1271 1007 illustri
1303 959 1530 1021 quopiam
1554 957 1777 1018 ind‘igere

179 1046 440 1109 opinantes
489 1041 677 1089 nullius
722 1044 818 1090 nisi
861 1045 1004 1094 huius
1038 1042 1350 1107 κελεύσματα
1384 1056 1627 1107 tamquam
1654 1058 1785 1088 com-

179 1130 433 1178 militones
467 1127 683 1177 fideliter
715 1132 858 1193 signa
889 1142 1141 1179 servantes
1164 1131 1352 1192 grative
1379 1128 1597 1176 asseclae
1621 1127 1785 1191 publi-

181 1232 238 1263 ce
271 1213 586 1277 profitentur.
664 1215 899 1273 Minime;
931 1236 1042 1264 nam
1071 1218 1242 1263 literas
1276 1218 1358 1278 qui
1392 1232 1491 1262 non
1522 1216 1643 1278 ipsis
1678 1215 1787 1276 qui-

180 1302 277 1349 bus
341 1292 541 1347 omnino
599 1290 848 1350 abundant
887 1304 1078 1350 deliciis
1121 1312 1302 1349 tractus
1345 1312 1489 1365 atque
1535 1297 1786 1348 illecebris

179 1404 272 1450 per
315 1388 422 1434 dies
466 1396 731 1450 noctesque
776 1390 1118 1452 amplectitur,
1161 1389 1392 1451 indignus
1426 1389 1592 1452 qui-*in
1619 1401 1788 1433 earum

179 1472 520 1534 penetralibus
552 1484 774 1522 versetur
806 1477 959 1539 piobe
990 1476 1239 1524 ducendus
1272 1484 1348 1521 est
1367 1484 1511 1537 atque
1538 1474 1788 1521 dicendus.

182 1558 358 1628 Neque
389 1561 538 1606 etiam
569 1559 689 1607 illos
718 1562 825 1607 dico
844 1588 901 1596 —
930 1562 1047 1621 (imo
1083 1563 1215 1605 enim
1249 1561 1302 1605 in
1330 1559 1423 1604 hoc
1454 1571 1656 1626 numero
1687 1574 1791 1613 me-

183 1644 449 1708 metipsum
473 1661 659 1707 ponere
692 1662 840 1707 posse
879 1646 1088 1707 laetor),
1135 1647 1247 1708 qui,
1282 1654 1544 1708 corruptos
1567 1644 1790 1707 singulos

186 1736 479 1797 scriptorum
524 1731 664 1779 locos
711 1732 1021 1779 emendatum
1064 1741 1262 1792 euntes,
1297 1741 1559 1796 praecepta
1593 1740 1644 1777 et
1678 1746 1793 1791 con-

186 1819 301 1866 silia
333 1818 480 1866 huius
512 1818 595 1866 vel
622 1817 759 1866 illius
780 1820 1155 1890 praestantioris
1177 1818 1481 1885 antiquarum
1507 1832 1668 1882 rerum
1692 1831 1795 1860 ma-

186 1905 358 1967 gistri,
393 1913 447 1948 ut
478 1881 880 1957 GODOFREDI
910 1900 1291 1969 HERMANNI,
1323 1904 1438 1953 Viri
1464 1902 1795 1952 Illustrissimi

189 2002 241 2038 et
272 1989 407 2053 unici
446 1999 909 2053 consummataeque
944 1972 1233 2037 eruditionis
1252 1972 1293 2053 ἢ
1328 1990 1470 2040 laude
1505 1991 1796 2048 florentissi-

184 2079 284 2136 mi,
339 2093 484 2140 quem
530 2092 631 2122 non
677 2078 836 2138 magis
877 2086 1078 2139 propter
1117 2078 1414 2126 immortalia
1454 2095 1544 2126 sua
1560 2076 1632 2124 de
1669 2078 1796 2142 anti-

190 2165 394 2227 quitatis
428 2163 590 2210 studio
625 2160 798 2209 merita
834 2179 978 2226 quam
1010 2162 1072 2209 ob
1099 2164 1250 2209 animi
1273 2160 1553 2209 firmitatem
1583 2161 1798 2210 morum-

190 2267 284 2313 que
330 2233 602 2315 candorem'
636 2248 686 2294 et
729 2250 1055 2295 constantiam
1104 2248 1230 2295 nulli
1277 2250 1543 2295 secundum
1589 2252 1793 2303 aestimo

187 2338 368 2400 pieque
387 2322 516 2395 colo,
527 2345 787 2399 postquam
805 2337 1003 2381 omnino
1016 2334 1268 2398 probanda
1282 2329 1635 2399 cognoverunt,
1648 2329 1796 2384 etiam

187 2425 242 2470 in
275 2422 576 2470 editionibus
611 2421 907 2469 adornandis
938 2420 1215 2470 observant.
1287 2424 1354 2471 At
1378 2415 1509 2472 enim
1539 2420 1662 2472 vero
1681 2414 1797 2471 con·

189 2520 266 2558 tra
301 2527 388 2558 eos
420 2511 634 2573 disputo,
670 2509 753 2571 qui
785 2509 845 2555 ad
880 2510 1025 2556 unius
1061 2509 1246 2559 tantum
1271 2500 1383 2581 viri,
1415 2516 1519 2561 sive
1556 2499 1796 2577 Herman-

192 2599 246 2644 ni
283 2595 388 2645 sive
418 2596 662 2644 Boeckhii
695 2595 980 2659 exemplum
1013 2594 1257 2661 tamquam
1293 2591 1606 2648 adnormam
1639 2609 1690 2645 et
1716 2614 1796 2645 re-

192 2684 362 2748 gulam
402 2686 615 2732 studium
664 2690 806 2730 suum
848 2683 1118 2745 dirigentes
1152 2695 1202 2730 et
1232 2670 1804 2733 iudicia'sua‘revocan=¹

141 2822 165 2834 p„
192 2782 297 2829 tes,
351 2782 547 2835 partes,
599 2787 718 2837 quas
763 2769 1115 2839 usquequaque*
1154 2764 1453 2835 quaeritant,
1499 2763 1641 2836 sequi
1692 2790 1795 2820 ma-

188 2857 300 2909 lunt
337 2853 527 2920 sectae,
576 2877 720 2925 quam
761 2859 1017 2913 doctrinae
1049 2862 1207 2924 ipsius
1250 2859 1563 2908 literarumve
1599 2876 1794 2909 causam

292 3011 332 3060 *)
363 3012 435 3052 Vir
460 3010 742 3052 eruditissimus
767 3009 918 3065 'Anglus
942 3011 983 3051 in
1010 3012 1142 3052 litenis
1160 3011 1378 3051 Londinum
1414 3011 1464 3050 ad
1506 3022 1568 3050 me
1593 3010 1794 3051 transmis-

179 3076 233 3116 sis
258 3076 523 3120 Hennannum
547 3074 782 3125 appellavit:
808 3102 833 3122 ‚,
849 3086 872 3112 a
896 3074 1030 3123 giaant
1056 3076 1100 3113 of
1118 3073 1373 3114 litterature.“
