1959 3316
895 142 1025 183 31.

271 290 597 337 Protulerim?
643 316 693 324 ·—-
739 287 953 346 Cantas,
989 303 1094 334 cum
1132 287 1287 333 fracta
1317 295 1364 332 te
1393 287 1442 330 in
1475 280 1612 330 trabe

702 421 883 480 pictum

274 542 355 589 Ex
378 542 581 590 humero
605 542 1079 606 portasi-Verum,
1095 552 1185 584 neo
1211 543 1350 582 nocte
1369 538 1592 596 paratum
1627 527 1738 591 [90]

275 668 525 737 plorabit,
561 666 643 728 qui
678 680 755 713 me
791 663 925 713 volet
964 664 1245 710 incurvasse
1292 656 1507 722 querela.
1528 682 1592 691 --
1655 655 1745 698 105

397 791 496 838 Sed
536 756 752 839 numeris
792 791 937 837 decor
974 797 1050 835 est
1089 796 1138 833 et
1191 787 1413 832 iunctura
1457 782 1620 842 &inlita

711 914 870 962 crudis
886 915 895 957 ἕ

151 1128 261 1177 April
277 1128 314 1167 h.
358 1141 391 1166 a.
405 1158 415 1178 ,
458 1129 523 1179 qui
567 1129 703 1178 vertit,
740 1129 846 1179 also',
883 1130 1046 1178 Βὸηιετ,
1073 1126 1146 1168 bist
1172 1129 1223 1166 du
1250 1128 1311 1166 ein
1337 1121 1581 1164 Sohundbube
1601 1136 1748 1174 yewor-

154 1226 255 1267 den?
314 1230 392 1268 Sed
433 1241 557 1268 vevere
589 1228 654 1268 hic
685 1241 811 1280 neque
847 1230 946 1270 hanc
980 1232 1209 1281 potestatem
1246 1226 1420 1266 obtinere
1445 1225 1598 1263 videtur
1622 1237 1749 1275 neque

152 1325 369 1374 significare
394 1328 555 1378 adulari,
584 1329 688 1379 apud
710 1330 869 1368 Homer.
899 1333 939 1367 et
962 1328 1208 1378 Aristophan.
1235 1325 1333 1377 οὺρῇ
1358 1330 1425 1366 aut
1451 1326 1569 1376 κίρκῳ
1593 1325 1747 1363 σαίνειν.

153 1425 201 1465 cf.
239 1426 410 1467 Martial.
444 1430 515 1477 ΙΙΙ,
542 1428 607 1477 95,
646 1430 708 1469 13.
759 1430 827 1469 Sic
858 1431 1027 1469 Passow.
1067 1435 1106 1468 et
1146 1430 1292 1476 Plum.‚
1321 1428 1459 1477 quibus
1490 1432 1620 1466 tamen
1644 1426 1753 1477 prior

154 1530 287 1565 auctor
315 1530 374 1565 est
400 1525 666 1566 Britannicus:
702 1529 925 1576 „indecoro
951 1532 1057 1565 motu
1085 1524 1255 1578 corporis
1278 1527 1444 1565 adularis
1459 1554 1471 1574 ,
1508 1530 1699 1575 sumptum
1726 1538 1751 1564 a

154 1627 337 1676 canibus,
378 1627 444 1678 qui
485 1626 610 1664 clunes
650 1628 830 1676 ayitando
858 1626 924 1679 (cf.
951 1628 1037 1667 Iuv.
1064 1628 1115 1675 ΙΙ,
1141 1625 1308 1675 20—21)
1336 1624 1593 1665 blandiuntur.
1605 1625 1629 1645 “
1680 1626 1754 1666 Est

156 1730 294 1773 autem,
322 1726 355 1764 si
382 1726 473 1775 quid
499 1727 639 1767 video:
668 1730 830 1780 turpiter
855 1735 894 1770 et
917 1729 1122 1769 libidinose
1150 1739 1346 1767 assensum
1366 1726 1596 1775 significare,
1631 1727 1751 1765 adeo-

156 1836 231 1874 que
265 1826 433 1864 ceventis
458 1827 627 1875 speciem
652 1839 746 1877 prae
774 1841 816 1868 se
838 1829 953 1867 ferre.
979 1828 1026 1866 cf.
1065 1841 1101 1866 V.
1132 1828 1220 1866 142.
1252 1829 1379 1866 lusce:
1412 1830 1607 1876 Κόπιῖίπρ,
1637 1829 1752 1866 willst

157 1928 206 1964 du
231 1929 303 1964 wie
328 1929 389 1964 ein
415 1927 658 1966 Schandbube
685 1929 769 1967 dich
790 1925 1000 1978 yeberden?
1030 1947 1078 1955 —
1114 1926 1270 1977 Optime
1296 1925 1504 1965 cohaerent
1530 1926 1752 1976 sequentia:

155 2026 258 2065 Men'
296 2023 477 2065 moueat?
513 2025 654 2077 quippe
692 2030 765 2065 etc.
831 2025 956 2065 Simili
992 2027 1106 2065 modo
1154 2026 1335 2066 mulieres
1359 2025 1566 2077 lumbiset
1591 2025 1752 2064 femori-

157 2126 227 2163 bus
261 2125 465 2163 libidinose
494 2123 731 2171 {fluctuantes
769 2130 954 2166 vocantur
987 2130 1208 2176 cassantes,
1251 2131 1293 2166 ut
1330 2138 1380 2165 ex
1403 2129 1489 2166 Iuv.
1518 2131 1557 2165 et
1583 2126 1755 2164 Martiali

157 2226 315 2261 constat.
344 2223 395 2262 ct.
411 2224 543 2263 Lucil.
573 2238 636 2276 ap.
662 2226 763 2265 Non.
796 2229 833 2275 1,
860 2228 923 2267 69.

258 2346 295 2373 v.
321 2334 408 2373 102.
441 2323 506 2374 m‘e'
523 2348 621 2374 mou.
649 2337 697 2375 O.
748 2344 871 2377 emt-tec
898 2339 1008 2388 naui.
1034 2339 1126 2388 (del.
1154 2340 1208 2391 si)
1243 2340 1292 2378 R.

207 2452 333 2484 cantes
360 2459 441 2484 cum
466 2446 516 2496 fr.
543 2449 589 2486 P.
627 2448 674 2487 A.
719 2446 764 2488 C.
803 2451 851 2487 R.
877 2451 927 2489 D.
967 2452 1016 2490 G.
1054 2452 1099 2491 B.
1135 2453 1183 2491 E.
1219 2452 1267 2490 F.
1302 2451 1353 2490 H.
1392 2452 1432 2488 S.
1462 2450 1514 2487 M.
1547 2450 1597 2490 Q.
1627 2453 1666 2487 et
1684 2451 1752 2487 rel.

158 2552 284 2585 cantes
307 2542 358 2595 fr.
384 2545 479 2596 (del.
506 2547 602 2596 cum)
637 2549 682 2589 V.
710 2548 760 2588 N.
787 2550 832 2588 L.
861 2557 994 2590 cantas
1028 2565 1109 2593 cum
1134 2557 1171 2590 te
1196 2552 1246 2600 fr.
1264 2538 1302 2589 e·-
1316 2550 1403 2589 tabe
1418 2550 1483 2587 Y.
1537 2546 1752 2599 protulerit?

158 2646 210 2687 A.
235 2649 455 2698 protulersm
484 2676 494 2686 .
521 2648 568 2688 A.
598 2649 645 2688 Ο.
671 2651 742 2689 rel.
771 2655 863 2698 aut..-
893 2647 996 2689 aut?
1034 2656 1185 2699 portes:
1213 2646 1263 2688 N.
1299 2647 1346 2687 A.
1383 2650 1432 2687 D.
1460 2649 1509 2688 G.
1537 2650 1584 2687 R.
1623 2650 1668 2687 L.
1697 2650 1753 2699 νΕ.

158 2747 207 2784 F.
234 2750 285 2787 H.
312 2751 354 2789 S.
390 2754 419 2788 Ι.
452 2763 489 2788 α.
516 2751 557 2798 β.
590 2763 627 2798 γ.
654 2755 698 2790 ⁸.
728 2753 798 2791 rel.
826 2758 903 2790 aut.
933 2749 995 2799 (V.
1026 2751 1073 2790 Ο.
1102 2748 1171 2800 Δ.)
1199 2758 1326 2802 portes
1353 2747 1452 2790 ant?
1480 2755 1676 2800 portarum
1704 2749 1752 2788 K.

160 2850 323 2893 querella
348 2850 396 2888 Ο.
424 2853 463 2891 2.

261 2945 299 2971 v.
330 2937 419 2976 106.
473 2942 530 2976 est
568 2939 682 2976 imtct.
710 2937 805 2987 (del.
845 2939 896 2987 et)
935 2939 981 2978 P.
1027 2933 1159 2978 abdita
1201 2940 1303 2978 crud.
1344 2937 1392 2977 O.
1423 2939 1471 2980 Q.
1499 2938 1550 2977 Y.
1579 2951 1616 2975 α.
1644 2938 1682 2984 β.
1714 2950 1750 2985 y.

159 3032 198 3068 et
223 3028 278 3067 sic
303 3035 474 3075 nonnulli
500 3036 627 3078 codd.
651 3042 794 3078 recent.
822 3038 912 3078 vide
946 3039 1141 3079 Drakenb.
1185 3038 1235 3076 ad
1272 3038 1342 3077 Sil.
1368 3038 1435 3088 VI,
1467 3038 1555 3079 394.
1597 3038 1752 3075 Brouk-
