1959 3316
919 161 980 203 27

280 305 344 352 Et
386 335 446 345 —-
494 318 575 355 tua
615 318 774 357 aratra
817 307 1010 356 domum
1048 306 1190 355 licto?
1235 307 1402 356 tulit.“
1445 336 1498 345 -
1543 341 1599 346 —-

715 436 855 499 Euge
889 445 1059 498 poeta:
1093 463 1156 476 -÷-
1631 438 1746 503 [75]

287 560 376 607 Est
396 577 548 620 nunc,
579 560 782 624 Brysaei
812 575 954 622 quem
986 575 1198 606 venosus
1233 559 1359 605 liber
1388 558 1524 616 Acci,
1690 572 1750 611 90

292 683 443 742 Sunt,
478 699 599 746 quos
632 682 968 745 Pacuviusque
1004 691 1053 727 et
1086 697 1319 729 verucosa
1350 695 1564 732 moretur

154 922 331 973 equidem
359 922 450 971 scio,
476 922 544 960 illo
571 933 667 962 aevo
687 922 871 970 nequibat
892 922 1009 960 latine
1028 922 1115 960 dici.
1169 922 1336 966 Verbum
1362 923 1588 963 dietatwmm
1602 953 1613 973 ,
1647 930 1748 976 quod

153 1023 192 1060 in
216 1023 466 1062 vetutioribus
492 1021 618 1059 Persii
636 1021 758 1059 Codd.
784 1021 878 1059 Mss.
918 1022 1040 1059 rarius
1076 1021 1259 1067 occurrit,
1300 1019 1365 1068 (cf.
1395 1022 1545 1061 Weber.
1571 1025 1619 1061 ad
1647 1024 1682 1062 11.
1714 1028 1752 1073 1.,

155 1123 342 1173 originem
380 1125 522 1162 debere
559 1124 709 1164 videtur
750 1125 902 1171 glossae
926 1094 1017 1160 illi:>
1047 1122 1321 1171 „imperialem
1348 1122 1531 1162 vestem“
1558 1121 1624 1170 (cf.
1652 1123 1749 1167 Cod.

156 1223 343 1272 Monac),
373 1235 471 1273 quae
496 1221 538 1264 in
569 1221 714 1280 aliquot
743 1225 836 1265 vett.
864 1220 971 1259 libris
1002 1220 1062 1269 (ut
1085 1222 1124 1259 in
1153 1222 1340 1266 Bernensi
1365 1220 1453 1269 illo)
1481 1222 1571 1259 data
1596 1227 1654 1260 est
1680 1235 1752 1262 vo-

156 1322 191 1361 ci
219 1325 447 1360 dictatorem.
512 1321 627 1367 Cum,
662 1322 763 1369 quod
794 1324 925 1358 natum
955 1321 1052 1357 duco
1081 1333 1130 1358 ex
1155 1321 1381 1369 compendio
1408 1322 1514 1369 vocis
1540 1335 1657 1372 quenz,
1680 1334 1751 1360 ex-

154 1422 229 1459 stat
260 1419 299 1459 in
326 1419 457 1470 paucis
486 1419 608 1460 Codd.
635 1419 906 1465 vetustioribus
930 1424 971 1458 ut
993 1421 1080 1458 Par.
1109 1420 1207 1478 Reg.
1231 1421 1332 1460 8272
1363 1425 1402 1459 et
1427 1421 1615 1459 Bernensi
1641 1433 1757 1478 supra

155 1524 385 1568 memorato,
430 1521 491 1569 qui
524 1533 639 1562 versu
671 1533 750 1570 seq.
776 1520 942 1568 repet-itt
985 1521 1147 1562 Etcum
1175 1524 1301 1557 aratra
1333 1520 1436 1557 dom.
1464 1523 1661 1580 Scriptura
1692 1523 1755 1560 Si-

157 1620 262 1657 donii
295 1619 528 1668 Apollinaris
569 1622 657 1666 VII,
702 1619 800 1659 384:
841 1648 868 1668 „
882 1623 1053 1659 veterem
1091 1620 1261 1668 (corrige
1304 1623 1417 1668 veteri
1443 1621 1597 1668 trabea,
1629 1632 1753 1674 neque

157 1721 311 1764 Gallico
337 1734 439 1759 saec.
469 1720 590 1771 quinti
626 1720 800 1771 scriptori
835 1720 936 1768 hunc
962 1733 1072 1760 usum
1099 1719 1337 1769 condonans)
1371 1733 1452 1766 cum
1476 1725 1513 1757 te
1540 1717 1626 1767 (aut
1656 1730 1754 1756 corr.

155 1819 359 1869 ti=tibi)
385 1822 506 1867 induit
533 1834 633 1860 umor
664 1827 751 1863 ante
773 1820 882 1857 boves
907 1822 1078 1866 trabeam
1105 1821 1407 1881 dictatoremque
1432 1820 1606 1867 salignae
1635 1831 1753 1865 exce-

155 1933 249 1971 pere
277 1921 379 1960 fores
395 1922 439 1969 “‚
472 1931 548 1959 non
574 1923 660 1970 plus
686 1919 798 1958 affert
823 1919 1022 1968 praesidii,
1051 1932 1165 1970 quam
1189 1919 1379 1968 Martialis
1404 1921 1511 1958 locus
1540 1920 1624 1966 XII,
1650 1918 1685 1967 4,
1714 1920 1752 1957 2.

158 2022 213 2071 ei,
249 2021 314 2072 qui
345 2022 480 2069 Horat.
514 2021 576 2059 od.
602 2022 634 2068 Ι,
657 2021 693 2067 1,
726 2021 763 2057 1.
791 2023 940 2066 mutare
981 2026 1193 2068 conaretur.

211 2135 263 2176 Et
286 2146 358 2176 succ
382 2139 521 2173 aratra
546 2135 592 2177 L.

258 2260 295 2286 v.
322 2248 385 2287 90.
436 2247 560 2294 brysei
582 2246 626 2283 B.
654 2246 695 2284 S.
722 2245 768 2284 E.
796 2248 847 2286 H.
874 2248 929 2286 M.
956 2248 1005 2286 K.
1032 2249 1083 2287 T.
1112 2249 1160 2288 Q.
1188 2247 1236 2284 X.
1254 2245 1305 2284 Δ.
1330 2253 1370 2284 R.
1398 2259 1433 2294 γ.
1485 2245 1599 2283 brisei
1624 2245 1671 2283 A.
1702 2246 1755 2284 G·

159 2348 207 2385 Ο.
246 2351 283 2385 2.
323 2347 421 2383 hrsei
451 2344 501 2381 N.
527 2329 602 2382 ¹rel.
628 2345 778 2394 brysaeoei
812 2351 851 2385 et
890 2348 1041 2395 brisaei,
1067 2347 1284 2396 promiscue
1311 2359 1361 2385 ex
1387 2358 1495 2385 more
1520 2349 1597 2384 vet.
1660 2346 1753 2382 Est:

159 2461 254 2486 nuuc
298 2447 421 2495 brysei
456 2445 502 2482 F.
567 2444 763 2485 Defendas
790 2458 876 2483 cum
904 2446 1070 2485 Webero
1097 2452 1136 2485 et
1173 2447 1324 2485 Plumio
1349 2449 1509 2496 probam
1537 2447 1624 2482 leot.
1653 2446 1764 2503 vulg.=

160 2551 209 2588 ab
251 2547 453 2596 ingeniosa
486 2547 664 2596 Scoppae
698 2546 1002 2587 coniectura—tot
1035 2548 1226 2598 tantisque
1252 2526 1344 2587 viris
1381 2551 1556 2596 accepta:
1585 2548 1756 2585 Briseis

161 2660 195 2698 q,
223 2658 379 2687 venosus
415 2645 508 2683 liber
546 2644 641 2695 (sic)
667 2646 713 2685 A.
726 2675 738 2695 ,
774 2659 876 2697 quae
910 2659 1035 2697 neque
1065 2650 1314 2698 comprobata
1344 2652 1404 2686 est
1430 2659 1502 2686 nec
1526 2647 1756 2686 testimoniis

164 2745 287 2785 Codd.
332 2747 426 2784 Mss-
462 2745 697 2786 confirmata.
755 2748 893 2797 Neque
933 2746 1050 2786 etiam
1076 2748 1215 2791 video.
1250 2760 1317 2786 cur
1342 2747 1489 2787 librarii
1516 2747 1757 2814 notissimum

161 2842 258 2885 illud
282 2858 423 2886 nomen
444 2846 676 2888 mutaverint
700 2851 741 2887 et
764 2847 981 2889 inusitatius
1017 2847 1288 2897 difficiliusque
1324 2847 1523 2897 posuerint
1545 2845 1756 2894 epitheton.

214 2944 305 2981 actii
330 2945 380 2983 N.
418 2950 514 2987 accii
539 2948 585 2987 A.
610 2948 655 2986 L.
688 2951 759 2989 rel.
786 2952 879 2988 acci.
919 2961 1117 2989 vemwoso
1142 2947 1190 2986 A.
1225 2953 1261 2985 et
1281 2959 1372 2997 quos
1406 2959 1585 2986 verticosa
1612 2946 1656 2983 Ε.
1696 2957 1758 2982 vc-

163 3054 300 3082 wcosa
326 3045 372 3083 R.
403 3047 449 3086 Β.
477 3050 517 3089 S.
545 3054 578 3092 10
603 3057 645 3090 R.
663 3049 716 3092 Δε
744 3065 782 3100 ᾳ.
806 3053 844 3101 β.
872 3063 908 3099 y.
936 3057 972 3089 et
996 3062 1138 3091 verme.
1159 3051 1228 3088 rel.
1250 3051 1409 3095 Paccuo.
1433 3053 1462 3088 1.
1491 3050 1757 3099 sumaize-sque:

1756 3119 1959 3316 β’
