1959 3316
927 207 999 243 13?

147 361 255 392 cum
299 346 609 395 testimoniis.
688 345 878 405 Quibus
921 347 1005 411 qui
1050 345 1253 395 nimiam
1294 343 1442 415 fidem
1476 355 1749 396 et‘omnem

146 435 252 479 fere
300 433 543 489 tribuunt,
591 416 755 481 nihi'lo*
789 437 948 502 magis
990 432 1136 480 nobis
1175 430 1478 493 probantur,
1518 451 1660 496 quam
1688 437 1746 496 ii,
1821 468 1825 475 -

149 522 232 582 qui
274 501 610 568 auctoritatem
645 539 813 570 eorum
849 522 1156 570 fastidiosius
1189 528 1429 582 spernunt
1464 529 1514 567 et
1547 524 1746 569 omnino

150 591 386 659 abiiciunt
422 624 477 654 ac
510 608 728 665 demum,
772 623 889 655 suae
921 610 1192 654 sententiae
1232 606 1574 671 qualicumque
1605 622 1752 671 prae-

150 696 262 740 sidii
295 695 594 755 aliquantum
625 695 844 756 petituri,
879 694 940 739 ad
974 708 1060 739 eos
1093 674 1397 757 confugiunt.
1463 692 1603 750 Quae
1639 710 1751 743 cum

151 782 220 826 ita
253 763 636 839 sint,'neutrum
669 781 840 828 horum
876 779 986 826 fieri
1013 797 1101 842 par
1131 790 1234 840 est,
1268 783 1353 828 sed
1386 783 1547 829 media
1575 791 1751 828 tenen-

154 868 213 913 da
243 859 317 914 est
362 868 470 926 via,
523 883 615 930 qua
656 868 778 915 duae
803 849 968 932 partes
1009 869 1304 914 consociatis
1336 868 1465 913 inter
1496 884 1549 914 se
1586 869 1749 915 consi-

151 955 234 1001 liis
276 957 346 1001 ita
394 935 719 1010 conveniunt,
768 964 823 1000 ut
864 946 1007 999 dum’
1024 952 1169 999 alteri
1200 952 1404 1000 multum
1435 954 1668 1014 ponderis
1698 964 1750 1001 et

150 1043 449 1088 auctoritatis
482 1042 823 1104 adsignamus,
856 1040 1064 1088 liberius
1101 1022 1244 1087 alteri
1276 1057 1374 1088 non
1407 1039 1750 1088 subtrahamus

153 1127 381 1175 officium.
455 1128 644 1174 Verum
690 1129 894 1191 quidem,
923 1137 1027 1196 est,
1071 1128 1353 1196 exstitisse,
1395 1127 1447 1173 id
1478 1128 1606 1190 quod
1637 1143 1747 1176 mos

150 1214 261 1261 tulit
283 1217 514 1277 temporis
539 1216 694 1261 nostri
719 1216 898 1261 certius
920 1214 1084 1278 omnia
1105 1214 1434 1279 constituturi,
1456 1213 1747 1275 permultos,
1768 1245 1773 1246 ν

153 1302 235 1363 qui
265 1298 328 1347 'ne
356 1297 520 1346 'indies
553 1282 842 1362 scriptorum
869 1289 1110 1346 editiones
1134 1296 1592 1368 multiplicarentur,
1621 1317 1746 1363 quae

153 1387 351 1432 nonnisi
380 1377 548 1448 paucis
580 1373 849 1435 levioribus
886 1387 995 1434 hinc
1026 1386 1138 1432 inde
1169 1368 1500 1453 disseminatis
1530 1388 1746 1449 propriis

151 1454 565 1530 adnotationibus,
588 1480 717 1535 'quae
750 1465 947 1520 criticae
975 1481 1328 1535 nuncupantur,
1357 1473 1624 1520 instructae
1660 1489 1749 1519 nu-

150 1563 336 1603 merum
364 1567 546 1603 temere
581 1543 844 1618 augerent,
879 1560 1067 1603 doctius
1091 1568 1142 1603 et
1169 1553 1472 1620 *diligentius*
1508 1557 1744 1604 Codicum

153 1658 360 1690 examen
391 1640 774 1706 postulaverint,
810 1659 966 1707 neque
999 1645 1145 1691 etiam
1180 1642 1424 1701 defuisse,
1461 1644 1543 1706 qui
1577 1646 1748 1708 singu-

153 1729 227 1776 las
273 1729 459 1776 saeculi
495 1717 616 1777 XV.
658 1716 899 1778 editiones
938 1713 990 1777 in
1033 1711 1174 1778 suum
1214 1743 1355 1775 usum
1400 1733 1774 1790 converterint,·

153 1816 366 1878 exiguus
400 1807 560 1863 tamen
594 1808 864 1865 censendus
899 1828 976 1864 est
1005 1833 1235 1863 numerus
1269 1832 1456 1876 eorum,
1486 1827 1635 1864 totam
1665 1821 1750 1880 qui

155 1899 407 1951 h'ist‘oria'm
440 1903 653 1949 criticam
684 1897 849 1951 textus
876 1885 987 1967 qau.
1014 1900 1346 1955 desiderantes
1375 1905 1574 1952 enixius
1601 1921 1750 1967 quae-

156 1991 389 2049 siverint,
435 1986 674 2052 quomodo
717 1990 795 2037 hic
828 1980 1037 2058 singulis
1072 1989 1282 2044 saeculis
1318 1991 1532 2058 maxime
1567 1993 1617 2036 in
1654 1991 1751 2038 Co-

159 2075 346 2123 dicibus
389 2060 606 2138 ipsorum
639 2061 926 2137 scriptorum
960 2087 1042 2122 aut
1071 2078 1123 2123 in
1154 2078 1362 2124 vetustis
1396 2093 1565 2123 eorum
1602 2077 1750 2124 Com-

155 2161 509 2208 mentatoribus
549 2145 863 2224 comparatus
893 2162 1067 2221 fuerit,
1107 2172 1157 2210 et
1203 2179 1297 2227 qua
1335 2163 1529 2210 tandem
1561 2165 1639 2209 via
1675 2163 1750 2209 le-

160 2251 256 2295 ctio
301 2264 444 2311 quam
479 2249 729 2312 vulgatam
771 2249 936 2296 dicunt
973 2251 1024 2295 in
1068 2249 1292 2316 plurimis
1337 2247 1750 2314 impressionibus

160 2334 345 2383 saeculi
376 2331 493 2382 XV.
537 2350 658 2383 sese
690 2337 1070 2383 conformaverit
1104 2346 1153 2383 et
1183 2336 1243 2382 ad
1273 2352 1363 2384 nos
1397 2352 1551 2399 usque
1585 2351 1754 2383 mana-

156 2423 298 2468 verit.
360 2404 479 2467 Hoc
500 2437 617 2483 prae
653 2405 878 2494 omnibus
908 2439 1056 2471 unum
1093 2439 1216 2487 opus
1250 2437 1447 2484 censeo,
1475 2426 1528 2470 in
1556 2423 1649 2471 hoc
1672 2438 1756 2487 po-

161 2509 307 2553 situm
347 2508 466 2551 artis
505 2493 701 2553 criticae
745 2494 805 2554 ut
829 2509 882 2555 in
915 2490 1248 2572 explicatione
1282 2512 1412 2557 iusta
1444 2511 1756 2572 principium,

114 2587 116 2590 ’
162 2593 353 2640 firmius
401 2592 800 2649 fundamentum3
857 2597 984 2642 unde
1017 2579 1226 2644 *saeculo
1273 2606 1442 2644 nostro
1489 2597 1761 2646 maximam

159 2678 411 2728 veteribus
442 2678 761 2753 scriptoribus
792 2679 1002 2731 salutem
1032 2695 1307 2748 speremus.
1355 2681 1557 2733 Erudite
1592 2683 1762 2747 igitur,

164 2765 431 2828 religiose,
461 2765 674 2824 assidue,
712 2769 1123 2835 quamplurimos
1156 2775 1321 2820 fontes
1352 2753 1642 2835 indagemus
1674 2765 1779 2839 eoa'

165 2868 402 2915 rumque,
437 2861 667 2914 quantum
699 2855 873 2914 liceat,
908 2872 1186 2908 connexum
1220 2860 1348 2906 inter
1380 2838 1433 2904 se
1469 2850 1766 2916 etpfamilia-

163 2925 713 3009 ritateminquiramuS,
734 2952 928 3011 xectum
961 2925 1158 2993 demum
1181 2945 1374 3007 ingenii
1406 2940 1605 2993 auxilia
1629 2940 1767 3006 peta-

165 3012 295 3082 mus,
326 3025 717 3076 coniecturarum
743 3029 981 3078 medelas.
1027 3031 1316 3079 Admodum
1344 3031 1544 3079 arduam
1562 3027 1772 3095 'quidem

1425 3110 1456 3164 b
