1959 3316
953 188 1019 222 XV

177 332 310 377 neris
338 325 1052 392 .utri1isque÷.e5<emplis,2iner
1072 332 1196 390 q'uae
1211 328 1362 374 etiam
1391 326 1626 374 anecdota
1648 335 1781 385 sunt,

174 419 528 481 suppeditatis,
581 414 794 474 aliorum·
842 432 1032 479 quoque
1079 416 1240 463 studia
1288 430 1378 475 pro
1421 414 1558 460 virili
1588 418 1776 464 iuvare.

172 505 452 553 Delibanda
483 512 647 551 autem
665 500 800 550 *haec
822 521 986 566 :pauca
1016 520 1144 568 quae
1176 505 1231 550 in
1260 500 1474 549 medium
1496 504 1669 547 vocavi
1686 500 1773 549 ¹hic

170 602 429 656 propterea
472 590 594 637 mihi
631 564 1011 654 videbantdrde
1045 590 1336 648 CodicibuS,
1372 589 1488 651 quia
1518 589 1570 633 in
1603 602 1772 634 eorum

169 694 374 726 numero
415 675 594 724 multas
639 677 785 721 etiam
832 675 1072 724 edit-iones
1094 679 1355 739 principes
1383 675 1641 723 habendas
1674 677 1766 722 sci.-

152 770 305 826 >mu's,
347 780 549 829 quarum
590 780 739 823 usus,
783 763 1010 825 siparum
1040 765 1269 827 excipere
1305 763 1630 819 velis‚·idem.
1659 763 1764 809 fere

164 857 274 911 ἀεὶ,
306 853 461 915 deque
493 852 667 915 quibus
697 851 937 898 nonnulla,
968 852 1119 899 verbra
1145 853 1371 911 ingratiis
1403 866 1490 910 per
1519 850 1643 895 hanc
1674 867 1762 911 op·
1804 853 1806 855 ’

162 942 509 1004 portunitatem
553 939 727 1001 addere
766 936 1193 1000 :libelli-postulat
1219 934 1441 993 indoles,
1494 949 1651 999 neque
1688 947 1759 983 ta-

161 1043 274 1074 men
306 1037 360 1073 ut
387 1027 678 1084 edisseram,
705 1026 802 1073 'sed
831 1032 885 1070 ut
915 1025 1173 1088 indigitem
1204 1025 1345 1088 quasi
1374 1032 1560 1071 tantum
1595 1041 1651 1072 ac
1672 1026 1758 1072 ,fe-

162 1131 267 1170 ram
300 1114 567 1172 voluntatis
601 1115 1010 1179 praerogativam.

285 1202 445 1251 Etiam
490 1204 541 1249 in
573 1203 650 1249 his
681 1203 777 1251 tria
793 1202 1031 1264 ⁴inprimis
1062 1209 1179 1249 sunt
1209 1200 1537 1260 observanda,
1567 1200 1751 1248 descri-

155 1291 290 1350 ptio,
334 1304 482 1348 usu-S,
526 1291 818 1338 aestimatio.
896 1288 1113 1335 Primum
1153 1298 1231 1341 est
1276 1287 1749 1350 bibliographornm,

151 1375 344 1438 reliqua
383 1376 765 1440 philologorum.
843 1375 900 1422 Si
942 1375 1314 1440 bibliographos
1346 1377 1505 1422 rarius
1533 1376 1747 1438 philolo-

151 1478 241 1525 gos
283 1477 393 1523 esse
420 1466 526 1512 iure
555 1465 817 1528 querimur,
851 1463 1016 1511 dolere
1049 1466 1247 1514 omnino
1273 1462 1427 1514 multo
1450 1464 1606 1525 magis
1633 1479 1746 1525 pos-

149 1565 345 1614 sumus,
396 1553 529 1611 quod
563 1551 807 1611 philologi
837 1553 1070 1611 perpauci
1102 1550 1315 1603 habeant
1345 1548 1741 1611 bibliographiae

145 1637 326 1685 veteris
365 1639 605 1684 notitiam.
679 1634 867 1698 Nempe
910 1634 1246 1698 bibliographi
1283 1633 1440 1681 libros
1470 1645 1584 1682 vett.
1621 1646 1740 1684 tam-

147 1739 288 1786 quam
343 1725 511 1788 cippos
546 1722 846 1787 sepulcrales
888 1738 956 1769 ex
981 1722 1207 1786 Aegypto
1238 1722 1515 1784 adportatos
1549 1739 1738 1771 summa

143 1827 251 1857 cum
292 1827 407 1856 cura
449 1813 733 1873 designant,
782 1810 997 1856 defuncti
1030 1813 1242 1857 animum
1276 1827 1447 1870 parum
1484 1822 1735 1867 curantes3

138 1896 359 1960 plerique
390 1897 635 1960 philologi
665 1899 910 1944 contra‘id
944 1907 1110 1960 agunt,
1145 1906 1199 1944 ut
1232 1896 1360 1944 libro
1389 1897 1503 1958 quid
1534 1908 1583 1944 et
1609 1915 1726 1961 quo—

141 1985 284 2030 modo
309 1986 641 2040 contineatur,
684 1985 931 2045 inquirant
963 1996 1012 2032 et
1045 1973 1437 2049 perscrutentur,
1469 1984 1616 2046 paulo
1650 1988 1727 2031 ni-

138 2074 288 2125 mium
318 2071 543 2132 neglecto
576 2070 745 2115 habitu
777 2055 1004 2118 externo..
1069 2071 1214 2128 Quod
1232 2074 1329 2118 nisi
1347 2062 1415 2118 it‘a
1436 2089 1629 2135 semper
1649 2076 1723 2121 fa-

137 2167 264 2206 ctum
304 2166 467 2215 esset,
513 2158 836 2223 accuratiores
881 2167 929 2206 et
970 2158 1195 2205 utiliores
1234 2158 1527 2207 haberemus
1571 2161 1722 2209 libro-

132 2262 240 2293 rum
277 2247 602 2294 vetustiorum
638 2243 991 2308 descriptiones
1033 2255 1085 2294 et
1120 2245 1263 2307 plura
1301 2261 1455 2306 eaque
1492 2250 1722 2294 aestima-

131 2333 309 2383 biliora
342 2313 589 2400 examina.
1020 2336 1023 2338 ’

257 2418 390 2464 Vsus
423 2434 586 2467 earum
631 2427 679 2465 et
724 2417 958 2475 Codicum
1005 2434 1150 2470 manu
1190 2428 1499 2469 exaratorum
1534 2438 1591 2469 eo
1627 2423 1718 2469 dif-

129 2513 242 2567 fert,
305 2505 436 2567 quod
469 2517 623 2566 neque
665 2504 832 2565 glossa
870 2522 1026 2568 neque
1070 2523 1240 2553 rasura
1279 2509 1581 2575 respicienda
1624 2521 1712 2566 est,

128 2593 354 2654 (occurrit
378 2590 595 2655 quidem,
635 2600 688 2639 ut
710 2592 767 2638 inv
786 2590 921 2639 editt.
945 2590 1004 2638 R.
1037 2601 1085 2639 et
1118 2607 1181 2645 Ψ.
1202 2628 1217 2653 ,
1258 2610 1425 2642 rasura
1446 2594 1558 2642 hinc
1579 2594 1709 2651 inde,

127 2684 250 2730 hanc
282 2679 439 2728 tamen
479 2668 1187 2732 eiusdem‘momentixducere
1234 2682 1362 2739 noli,
1416 2699 1556 2746 quam
1592 2663 1713 2745 quae

126 2771 177 2816 in
210 2767 468 2816 Codicibns
502 2769 684 2814 existit.
760 2766 936 2816 Notari
980 2770 1144 2832 utique
1193 2787 1360 2817 rasura
1407 2769 1576 2827 debet,
1620 2772 1712 2818 nisi

124 2856 338 2904 incuriae
370 2852 490 2902 velis
512 2856 650 2917 argui
676 2856 737 2904 ab
768 2857 845 2914 iis,
880 2858 961 2920 'qui
997 2857 1213 2905 eiusdem
1245 2857 1442 2905 rarioris
1476 2856 1592 2905 libri
1625 2874 1715 2905 ex-

125 2943 330 3004 emplum
366 2943 685 3006 possideant).
762 2943 955 2992 Textus
987 2963 1029 3008 q.
1062 2963 1109 2991 u.
1135 2949 1327 2992 omuino
1349 2949 1398 2993 in
1424 2947 1714 2993 editionibus

122 3038 264 3088 vett.,
306 3030 481 3093 quippe
524 3028 762 3079 immobili
794 3013 1071 3080 charactere
1113 3033 1378 3097 exhibitus,
1439 3030 1622 3081 firmius
1668 3042 1714 3079 et
