1959 3316
949 185 1011 228 26

412 332 538 380 Ecce
571 333 715 382 modo
751 332 939 383 heroas
974 350 1147 382 sensus
1179 337 1354 385 afferre
1386 336 1603 383 videmus

307 456 498 521 Nugari
531 460 704 520 solitos
739 458 955 516 Graece,
996 471 1085 504 nec
1117 474 1300 521 ponere
1335 460 1497 508 lucum
1661 455 1777 522 [70]

313 585 561 643 Artifices,
595 598 685 630 nec
718 599 802 630 rus
837 593 1053 631 saturum
1087 584 1316 645 laudare,
1344 584 1431 631 ubi
1460 584 1652 643 corbes,
1720 586 1780 631 85

307 712 370 757 Et
397 711 565 767 focus,
600 718 650 756 et
679 712 841 773 porci,
878 721 926 758 et
969 712 1162 758 fumosa
1190 708 1369 755 Palilia
1403 708 1568 767 foeno,

306 838 449 884 Vnde
485 816 667 883 Remus
695 835 965 895 „sulcoque
998 845 1161 881 terens
1195 834 1662 896 dentalia-Quincti,

312 963 472 1021 Quem
506 959 697 1023 trepida
728 967 839 1004 ante
867 956 1019 1005 boves
1053 956 1339 1007 dictatorem
1373 960 1531 1006 induit
1557 976 1703 1019 uxor,

176 1182 347 1218 Passow.
372 1179 500 1216 refert.
526 1190 562 1226 p.
591 1177 691 1217 291:
720 1177 800 1215 bis
826 1177 924 1224 auf
944 1177 1042 1213 Rei
1052 1186 1077 1213 z
1098 1177 1203 1213 lason
1233 1176 1294 1212 die
1320 1173 1518 1222 Ausqabcn
1542 1164 1781 1212 docemus.

174 1280 270 1316 Post
296 1277 476 1315 Reizium
511 1276 709 1316 novissimi
746 1276 913 1314 editores
939 1288 1071 1314 omnes
1096 1274 1324 1321 adoptarunt
1359 1274 1447 1310 lect.
1475 1275 1577 1322 vulg.
1603 1275 1782 1323 videmus,

175 1390 271 1416 sane
308 1378 495 1426 aptiorem
528 1375 879 1424 (ecce-videmus)
922 1379 960 1411 et
986 1373 1253 1421 antiquiorem.
1290 1374 1386 1410 Cod.
1413 1374 1527 1411 Rern.
1557 1372 1784 1426 25730flert

175 1488 256 1517 var.
283 1477 371 1514 lect.
401 1476 485 1524 „vel
510 1473 705 1513 videmus“
728 1473 950 1523 adspersam
978 1485 1000 1511 a
1028 1477 1064 1515 1.
1094 1484 1146 1509 m.
1180 1472 1298 1511 verbo
1330 1472 1513 1510 docemus.

275 1588 311 1614 v.
338 1573 400 1613 85.
442 1579 614 1614 satwrum
636 1587 704 1613 rus
733 1574 779 1612 A.
807 1575 915 1623 proci
945 1573 992 1609 F.
1021 1573 1167 1621 parilia
1199 1572 1249 1612 Q.
1276 1571 1412 1619 XuT·
1441 1572 1488 1610 Ο.
1516 1585 1552 1610 α.
1580 1574 1618 1622 β.
1646 1586 1681 1621 γ.
1708 1587 1782 1623 qm-

176 1679 263 1713 tilia
289 1676 376 1723 feno
404 1675 450 1711 C.
480 1687 515 1723 ρ.
542 1675 687 1721 patalia
712 1673 758 1711 V.

226 1779 348 1826 quinti
372 1788 474 1814 omn.
502 1780 642 1812 terteus
669 1771 1043 1821 (rasura.:terrens
1072 1773 1115 1810 V.

277 1890 314 1915 v.
340 1877 406 1916 88.
430 1876 523 1913 Cum
546 1880 643 1924 trep.
664 1873 715 1912 N.
750 1873 795 1912 C.
822 1872 874 1910 G.
900 1872 954 1910 M.
982 1872 1032 1909 Ο.
1062 1873 1109 1912 Q.
1141 1872 1190 1909 X.
1220 1873 1269 1910 Τ.
1298 1885 1337 1910 α.
1366 1875 1405 1922 β.
1435 1885 1471 1921 γ.
1497 1874 1669 1930 QrQuem
1684 1880 1781 1925 trep.

175 1979 221 2017 P.
264 1977 312 2015 A.
350 1977 396 2013 B.
436 1975 487 2011 D.
527 1974 574 2010 R.
613 1973 664 2011 E.
711 1973 758 2010 V.
795 1973 840 2010 L.
886 1973 938 2009 Y.
978 1972 1025 2009 F.
1066 1972 1106 2009 S.
1153 1971 1181 2008 Ι.
1210 1971 1264 2009 H.
1296 1971 1342 2009 K.
1368 1978 1412 2010 κ.
1442 1979 1481 2011 a.
1513 1973 1562 2012 Δ.
1592 1975 1781 2014 dictatum

174 2078 223 2116 A.
266 2076 341 2124 (sic
379 2073 477 2112 Cod.
518 2073 606 2111 Par.
636 2072 733 2120 Reg.
773 2072 886 2113 7984.
914 2086 1014 2112 saec.
1044 2072 1168 2123 XIV.)
1200 2074 1270 2111 rel.
1301 2075 1544 2112 dictatwram.
1596 2074 1725 2112 Verba
1745 2085 1780 2114 a.

176 2188 212 2214 v.
241 2176 413 2223 sulcoque
440 2183 561 2220 usque
584 2173 634 2210 ad
654 2185 690 2211 v.
715 2175 801 2211 tulit
821 2173 1000 2212 Persium
1025 2185 1164 2213 censeo
1192 2185 1243 2211 ex
1269 2185 1336 2211 ore
1352 2174 1462 2214 istius
1480 2179 1619 2225 poetae
1639 2174 1779 2231 dicere,

173 2287 290 2324 quem
318 2274 360 2311 in
399 2273 646 2322 sequentibus
681 2273 842 2311 deridet.
883 2276 977 2312 Cum
1014 2286 1092 2311 non
1136 2274 1336 2311 ferendum
1358 2277 1441 2321 est,
1473 2274 1548 2311 nisi
1577 2274 1782 2323 aposiope-

174 2374 233 2411 sin
264 2370 446 2410 statueris
472 2374 560 2418 post
586 2383 623 2410 v.
650 2372 747 2416 tulit,
775 2370 830 2407 sic
854 2369 1177 2419 interpungensx*

281 2467 385 2510 Unde
410 2473 551 2507 Rfflms
577 2471 781 2520 „sulcoque
807 2478 930 2512 terens
957 2474 1125 2512 dentalia
1154 2473 1302 2519 ‚Quincti
1314 2486 1328 2516 ‚·
1355 2471 1479 2521 (non).

276 2574 370 2611 Cum
400 2573 551 2620 trepida
580 2577 669 2609 mae
695 2571 804 2611 boves
835 2573 1055 2612 dictatorem
1083 2575 1206 2612 induit
1234 2586 1348 2621 umor,

276 2673 326 2708 Et
355 2677 419 2707 tua
447 2676 587 2707 arcctra
617 2672 767 2709 domum
795 2673 905 2711 lictor
930 2673 1043 2711 tulit‘<
1070 2694 1121 2701 ·—-
1145 2694 1196 2702 -
1222 2674 1329 2721 Euye
1360 2677 1499 2722 poeta!
1524 2693 1574 2705 —-·

171 2774 272 2810 Nam
301 2783 413 2810 arare
444 2769 648 2811 Quinctius
675 2771 881 2820 nequibat,
908 2783 994 2808 cum
1026 2783 1124 2809 uxor
1151 2777 1294 2811 vestem
1322 2772 1518 2811 dictatoris
1544 2774 1633 2808 ante
1661 2771 1777 2810 boves

173 2871 211 2910 ei
238 2838 439 2916 induekiat,
478 2871 676 2919 multoque
711 2870 859 2919 minus,
901 2884 987 2910 cum
1026 2877 1154 2912 aratra
1176 2873 1455 2913 auferebantur.
1499 2871 1546 2908 cf.
1574 2882 1709 2908 censor
1736 2871 1777 2910 in

173 2971 269 3008 diar.
301 2968 476 3007 scholast.
505 2981 606 3008 men.
632 2969 754 3019 April.
777 2972 887 3011 1833.
918 2973 1010 3011 Noli
1037 2986 1121 3011 cum
1150 2987 1249 3014 novo
1286 2974 1433 3013 editore
1464 2971 1586 3009 Plum.
1617 2969 1776 3009 calidius

173 3071 368 3119 recipere:
407 3070 520 3114 Quem
559 3069 680 3118 (eui!)
724 3073 950 3111 dictaturam
995 3076 1116 3112 induit
1151 3087 1273 3124 uxorJ
1312 3085 1475 3122 nampue
1502 3072 1567 3121 ita,
1596 3075 1776 3122 quantum
