1959 3316
954 214 997 246 Χ,

161 370 269 405 rem
303 367 412 401 esse
448 350 731 414 multaeque
761 350 908 405 molis
944 360 994 400 et
1023 352 1270 415 indaginis
1301 362 1352 401 et
1384 353 1783 415 sudorisnuuus,

161 441 396 504 negabit,
430 431 519 491 sed
547 440 776 504 quicquid
809 455 956 501 agere
991 448 1190 501 oportet>
1216 429 1532 505 ‹St-expedit,
1559 459 1660 502 non
1691 446 1768 491 in..

158 529 460 594 dignandum
497 513 581 575 'est
614 525 792 573 moliri.
857 525 1097 587 Equidem
1130 527 1387 576 inter-alia
1422 528 1631 588 Codices
1657 530 1765 576 Ho-

159 616 276 661 ratii
305 624 356 660 et
377 614 538 662 Persii
567 627 833 674 eorumque
864 612 1186 675 interpretum
1212 614 1429 677 priorum
1454 615 1779 667 saeculorum.

160 711 210 747 et
236 702 443 760 scriptos
479 708 537 766 et‘
561 701 862 761 impressos,
915 717 1003 762 per
1036 702 1223 764 aliquot
1254 718 1409 749 annos
1442 701 1762 763 proficiscens

155 802 243 848 per
276 784 316 834 F
319 785 705 848 rancogalliam‚
737 785 997 847 Angliam,
1031 787 1289 850 Belgiam‚
1318 787 1629 850 Helvetiam‚
1664 789 1762 844 Ita-

153 872 298 932 liam,
335 883 419 920 aut
450 874 512 921 ad
544 873 750 921 verbum
792 875 1075 924 examinavi
1107 886 1193 924 aut
1218 893 1308 938 per
1339 887 1505 938 partes
1542 880 1762 937 tractavi,

155 970 256 1020 aut,
279 960 366 1008 ubi
392 977 453 1007 ne
480 961 529 1008 id
556 960 749 1023 quidem
767 966 955 1022 ‘operae
980 962 1191 1024 pretium
1211 960 1351 1019 duxi,
1380 962 1554 1016 saltem
1579 966 1761 1012 descri-

152 1049 244 1108 psi.
321 1047 474 1108 Atqui
524 1062 755 1107 magnum
790 1050 842 1093 in
871 1051 1066 1096 modum
1099 1050 1302 1094 miratus
1335 1063 1428 1109 ego
1461 1064 1596 1106 sum,
1633 1052 1760 1094 anti-

152 1136 418 1196 quissimos
446 1133 603 1195 libros
636 1133 877 1195 plurimos
913 1152 1070 1198 neque
1098 1134 1363 1193 adhibitos,
1394 1149 1552 1196 neque
1579 1134 1758 1183 descri-

149 1231 290 1283 ptos,
325 1222 430 1267 imo
463 1237 525 1267 ne
560 1222 787 1283 cognitos
820 1222 1016 1285 quidem
1034 1211 1176 1270 resse.

193 1335 195 1337 -
277 1305 455 1362 Quoad
473 1308 682 1355 Codices
706 1308 832 1355 Mss.
858 1307 1042 1370 duplici
1072 1311 1263 1361 ratione
1294 1309 1546 1373 imprimis¹
1563 1310 1758 1372 peccari

148 1396 277 1442 solet
309 1413 337 1440 a
370 1395 622 1442 nonnullis
634 1412 647 1450 ;
682 1398 898 1458 primum
922 1395 1052 1456 quod
1080 1412 1169 1444 eos
1203 1413 1302 1444 non
1336 1407 1470 1446 recte
1504 1397 1754 1455 adhibent,

147 1483 323 1528 deinde
359 1482 488 1545 quod
523 1499 694 1529 eorum
730 1496 852 1545 quos
884 1478 1755 1547 adhibuerinspretium⁴male,defi-

146 1569 306 1621 niunt.
382 1567 591 1614 Illorum
628 1568 845 1629 pessime
894 1578 1073 1630 agunt,
1115 1573 1199 1632 qui
1232 1580 1287 1618 ut
1317 1569 1356 1617 F
1360 1587 1420 1617 ea
1450 1573 1503 1617 in
1536 1570 1751 1616 editione

146 1670 236 1699 sua
269 1653 468 1701 Horatii
501 1663 551 1699 et
583 1670 738 1715 nuper
770 1654 883 1702 Car.
914 1656 1105 1704 Erasm.
1137 1654 1332 1705 Krause
1365 1656 1419 1701 in
1451 1656 1754 1703 dissertatio-

143 1757 206 1788 ne
242 1757 333 1790 sua
364 1741 423 1788 de
458 1742 625 1789 satiris
654 1741 817 1790 Persii
852 1742 1075 1806 Gotting.
1112 1747 1237 1791 1830
1261 1759 1316 1805 p.
1338 1746 1566 1797 16-20.
1603 1758 1663 1789 ne
1690 1743 1752 1789 ti-

142 1829 300 1876 tulum
333 1829 529 1893 quidem
554 1828 788 1877 Codicum
817 1829 996 1878 nedum
1017 1839 1229 1877 aetatem
1250 1838 1437 1887 notant,
1465 1829 1639 1876 horum
1663 1845 1751 1875 au-

144 1926 243 1963 tem
262 1927 377 1964 ante
411 1931 584 1962 omnes
615 1918 654 1962 ii
670 1950 685 1974 ,
718 1919 801 1976 qui
821 1920 1028 1964 minoris
1049 1920 1226 1966 aetatis
1250 1917 1406 1978 libros
1425 1914 1580 1973 Mssos
1603 1930 1751 1978 quos-

140 2002 269 2050 libet
312 2018 429 2050 casu
466 2018 706 2065 prospero
743 2003 875 2050 nacti
902 2002 1117 2063 fuerint,
1157 2005 1402 2066 tamquam
1433 1999 1642 2063 Lydium
1674 2000 1752 2047 la-

137 2091 304 2153 pidem
347 2099 668 2153 praepostero
716 2101 765 2138 et
805 2090 1155 2153 intempestiuo
1185 2090 1369 2144 :studio
1407 2091 1668 2141 aestimant
1699 2098 1748 2136 et
1831 2073 1835 2076 ¹

136 2177 440 2238 praedicant.
518 2176 655 2224 Hinc
697 2176 910 2224 fortasse
943 2179 1095 2222 etiam
1129 2176 1255 2222 illud
1288 2177 1502 2231 taedium
1536 2193 1749 2239 quorun-

136 2264 250 2312 dam
270 2299 285 2323 ,
332 2263 448 2312 hinc
490 2264 580 2312 ille
628 2264 889 2327 despectus
936 2264 1246 2311 auctoritatis
1287 2260 1538 2317 Codicum.
1597 2261 1747 2312 Nam-

138 2365 233 2412 que
276 2348 407 2398 haud
448 2365 622 2414 parum
663 2349 888 2412 profecto
927 2350 1082 2397 refert
1130 2351 1283 2406 scire,
1319 2347 1495 2412 quibus
1541 2348 1749 2396 testibus

134 2435 286 2484 fidem
328 2435 544 2495 habere,
584 2445 915 2504 quantumque,
951 2434 1072 2484 fidei
1106 2436 1386 2492 debeamus.
1448 2435 1578 2506 Illud
1610 2451 1750 2495 accu-

131 2531 241 2568 rata
267 2523 533 2586 descriptio
559 2524 720 2582 docet,
751 2522 845 2572 hoc
871 2526 1007 2575 iusta
1029 2526 1323 2581 aestimatio.
1387 2524 1532 2572 Hanc
1560 2517 1744 2570 utram-

132 2625 226 2672 que
258 2607 389 2659 bene
424 2610 538 2658 dare
572 2611 832 2674 nequimus
868 2613 968 2661 nisi
998 2628 1092 2662 usu
1133 2629 1194 2662 ea
1224 2629 1319 2677 qua
1349 2626 1440 2676 par
1473 2618 1550 2658 est
1583 2608 1745 2661 erudi-

130 2697 270 2745 tione
297 2712 355 2744 ac
383 2696 646 2764 diligentia
670 2697 824 2747 facto.
871 2698 1016 2747 Talis
1047 2715 1166 2748 usus
1198 2701 1368 2762 quanti
1390 2700 1456 2746 sit
1487 2696 1740 2752 momenti,
1763 2744 1765 2746 ,

131 2794 270 2845 patet
304 2785 733 2851 considerantibus
767 2786 939 2847 nobis,
974 2787 1221 2842 criticum,
1256 2783 1450 2847 qualem
1481 2780 1745 2841 hicinteI-

126 2868 363 2934 ligimus,
417 2874 755 2921 acutissimum
798 2891 1037 2938 quemque
1082 2872 1208 2921 nihil
1250 2888 1361 2921 esse
1405 2869 1503 2918 nisi
1545 2867 1739 2915 doctum

127 2966 457 3006 correctorem
485 2959 725 3007 librorum
760 2976 881 3023 quos
907 2960 1145 3008 classicos
1165 2969 1360 3007 vocant.
1420 2954 1740 3016 QuiPPG‘cri·

121 3045 330 3095 tinorum
360 3057 474 3094 ante
510 3051 676 3097 omnia
708 3058 814 3106 est,
857 3065 928 3097 ex
960 3065 1077 3100 suae
1114 3051 1291 3098 aetatis
1321 3034 1622 3103 editionibus
1651 3060 1735 3099 ve-
