1959 3316
956 249 990 279 V

178 383 428 434 liberrime
459 388 623 448 agere,
657 383 835 461 puique
868 382 1035 446 iniqua
1058 365 1282 448 affligere
1305 381 1661 459 vituperatione
1688 398 1777 447 ge-

181 469 351 518 stiunt
366 476 482 530 eos,
520 474 602 534 qui
636 472 692 518 de
720 457 868 522 studii
899 464 1204 534 antiquitatis
1233 455 1428 542 ratione
1454 468 1602 531 paulo
1632 470 1777 517 aliter

182 557 484 634 sentientes,
517 574 616 635 ιιοιι
647 559 794 605 unam
815 557 963 604 ducis
996 557 1247 606 cuiusdam
1280 550 1496 611 tantum,
1531 554 1641 600 sed
1652 554 1774 600 alias

101 656 108 660 '
180 659 371 705 quoque
406 645 510 689 vias
541 644 838 705 scriptorum
864 651 1083 688 veterum
1112 643 1354 717 reliquias
1378 640 1555 690 edendi
1583 653 1776 687 earum-

181 744 273 791 que
320 723 560 777 lectiones
601 710 956 784 constituendi,
996 725 1079 773 vel
1118 712 1397 778 illustrandi
1429 719 1775 791 salubriusque

184 802 424 876 tractandi
465 800 669 862 inierint
701 826 785 863 aut
808 809 1269 862 commendaverint.
1330 813 1412 862 At
1422 814 1636 863 crimine
1660 831 1775 863 meo

182 899 428 948 nolim'eo
458 902 708 965 progredi,
742 911 797 949 ut
818 901 1014 949 modum
1043 898 1292 949 eiced‘ens
1318 902 1382 947 iis
1401 902 1660 959 assentiar,
1691 903 1777 963 qui

181 983 502 1046 contendant,
551 990 758 1036 istorum
792 996 847 1034 ut
878 988 1080 1053 quisque
1116 987 1396 1037 doctissime
1428 985 1511 1034 vel
1542 985 1773 1039 lucubra-

178 1071 395 1122 tlonibus
440 1084 491 1121 et
534 1076 663 1122 curis
702 1075 942 1123 diuturnis
971 1075 1052 1123 vel
1087 1075 1355 1122 acutissimi
1390 1069 1582 1135 ingenii
1613 1075 1775 1136 speci-

184 1149 397 1207 minibus
431 1160 591 1207 lucem
632 1171 683 1206 et
713 1163 1012 1222 praesidium
1049 1162 1159 1208 huic
1191 1163 1275 1209 vel
1304 1160 1382 1207 illi
1413 1160 1682 1231 particulae
1718 1176 1777 1206 ac

177 1245 405 1301 dictioni,
448 1244 533 1292 vel
574 1247 649 1292 rei
679 1249 851 1294 usuive
886 1256 1107 1294 veterum
1141 1247 1387 1294 attulisset
1421 1246 1492 1308 (id
1525 1245 1651 1307 quod
1683 1245 1775 1294 ubi

174 1346 290 1376 vere
333 1332 514 1378 factum
552 1342 657 1391 est,
709 1342 804 1379 tam
844 1333 976 1379 laeto
1022 1345 1072 1380 et
1114 1330 1331 1380 candido
1339 1334 1511 1379 animo
1543 1331 1772 1394 equidem

178 1419 392 1479 agn0sco
425 1434 568 1480 quam
603 1420 684 1482 qui
716 1420 983 1482 maxime),
1014 1422 1082 1468 ita
1113 1437 1225 1468 eum
1255 1422 1566 1485 potissimum
1599 1430 1772 1466 exem-

177 1504 250 1565 pli
281 1514 331 1550 et
361 1505 530 1549 iudicii
563 1507 639 1550 sui
665 1508 950 1552 auctoritate
983 1509 1072 1552 toti
1107 1510 1200 1552 arti
1231 1491 1427 1552 criticae
1451 1489 1775 1566 impedimen-

176 1600 278 1636 tum
308 1589 484 1635 nedum
510 1589 851 1638 detrimentum
879 1591 1106 1651 ingratiis
1128 1601 1390 1665 propterea
1411 1590 1611 1649 fecisse,
1643 1589 1777 1653 quoff

179 1677 361 1724 exinde
406 1664 547 1722 alios
559 1674 688 1720 haud
723 1678 935 1737 paucos,
969 1678 1052 1741 qui
1083 1692 1181 1722 non
1216 1686 1315 1722 tam
1348 1686 1602 1729 emunctae
1636 1677 1772 1723 naris

174 1765 409 1822 fuissent,
443 1751 657 1807 taedium
689 1763 903 1823 cepisset
933 1764 1099 1825 magni
1129 1764 1352 1831 profecto
1386 1773 1437 1810 et
1466 1763 1671 1823 subinde
1704 1765 1773 1809 si-

176 1866 240 1898 ne
287 1850 450 1897 fructu
494 1846 689 1893 molesti
719 1846 904 1894 laboris
937 1849 1104 1895 fontes
1137 1849 1348 1908 adeundi
1379 1850 1588 1912 indeque
1622 1850 1776 1913 etiam

177 1937 392 2001 aliquam
421 1934 594 1983 salutis
624 1941 813 1996 partem
846 1921 1166 1999 scriptoribus
1202 1937 1352 1982 enixe
1388 1936 1662 1996 hauriendi.

217 2015 219 2017 .
304 2034 490 2098 Ecquid
525 2034 697 2087 deinde
732 2034 889 2100 dicam
921 2032 980 2078 de
1013 2035 1076 2079 'vi
1109 2035 1388 2100 opinionis'!
1452 2033 1649 2101 Quanta
1679 2036 1778 2081 uti-

178 2138 271 2185 que
319 2136 408 2183 per
446 2100 744 2182 plusquam
771 2118 907 2188 ¹haec
941 2120 1035 2174 tria
1072 2111 1398 2184 quae'elapsa
1431 2131 1546 2178 sun-t
1575 2119 1776 2169 saecula

176 2209 466 2256 iudiciorum
485 2206 743 2252 ‘dissensio
777 2214 827 2251 et
851 2205 1176 2267 dlscrepantia
1200 2206 1258 2251 de
1282 2206 1449 2259 verbis
1472 2208 1618 2254 unius
1642 2208 1774 2251 eius·

181 2276 386 2357 demque
418 2293 671 2355 conspicui
700 2301 876 2356 poetae
909 2301 991 2339 aut
1018 2308 1196 2355 prosae
1231 2292 1544 2356 eloquentiae
1579 2292 1773 2338 decoris

178 2369 475 2429 historiaeve
509 2372 790 2441 scriptoris,
838 2380 1029 2437 iteratis
1061 2381 1191 2427 euris
1225 2381 1453 2441 castigati
1483 2390 1533 2426 et
1563 2393 1779 2425 sexcen-

181 2451 276 2514 ties
318 2464 379 2511 ad
415 2468 708 2527 optimorum
749 2466 987 2524 librorum
1037 2466 1119 2528 (an
1154 2465 1482 2528 eorumdem'ff)
1515 2464 1666 2511 fidem
1696 2478 1778 2509 re-

179 2553 380 2601 censiti!
459 2550 651 2607 Quanta
683 2569 830 2618 porro
865 2551 1125 2605 diversitas
1154 2556 1423 2613 rationum,
1461 2550 1637 2615 quibus
1673 2550 1777 2608 sin-

184 2641 292 2704 guli
322 2640 405 2702 qui
439 2632 593 2685 artem
627 2642 862 2687 criticam
877 2649 1205 2705 exercuerunt
1232 2649 1283 2705 et
1302 2647 1553 2693 exercent,
1584 2644 1778 2691 textum

185 2741 328 2796 quem
359 2732 533 2773 vocant
566 2715 716 2773 tutius
750 2726 1144 2796 constituendum
1177 2735 1470 2783 curaverunt
1503 2734 1563 2772 et
1582 2720 1776 2772 curant!

122 2839 128 2841 ·
185 2807 338 2878 Atqui
365 2793 589 2875 equidem
618 2797 821 2880 tantum
840 2810 997 2873 abest,
1028 2823 1084 2860 ut
1114 2807 1422 2880 iudiciorum
1436 2803 1694 2861 dissidium
1725 2807 1780 2853 iu

184 2893 398 2961 singulis
444 2898 567 2946 locis
609 2887 901 2963 scriptorum
943 2910 1061 2947 vett.
1103 2900 1230 2947 male
1263 2897 1468 2946 adfectis
1499 2907 1585 2945 aut
1610 2910 1780 2958 persa-

187 2980 362 3034 nandis
394 2995 479 3032 aut
511 2984 824 3039 illustrandis:
847 2988 1199 3050 reprehendam
1211 3017 1227 3046 -,
1264 2996 1317 3032 ut
1336 2986 1499 3036 'etiam
1525 2985 1780 3031 literarum

188 3064 529 3131 coiumemi'um
563 3068 841 3119 maximam*
858 3074 1148 3131 incrementi
1176 3074 1288 3140 inde
1317 3084 1366 3121 et
1401 3064 1679 3121 alacritatis
1700 3084 1783 3115 co-

1406 3165 1474 3206 a*
