1959 3316
947 156 1006 197 23

311 299 405 356 Qui
431 303 647 363 potet„-
661 301 752 350 Vis
775 298 963 349 dicam?
986 297 1237 365 „Nugaris
1262 318 1365 350 cum
1394 304 1499 363 tibi,
1526 305 1679 364 calve,
1717 313 1776 355 70

309 426 514 489 Pinguis
547 428 849 494 aqualiculus
870 443 1117 493 propenso
1142 429 1431 491 sesquipede
1456 435 1640 479 extat.“
1659 461 1718 466 -

305 550 349 598 Ο
384 552 529 613 Iane,
559 570 588 601 a
616 563 756 616 tergo
788 568 931 615 quem
962 553 1100 600 nulla
1133 556 1322 602 ciconia
1349 556 1521 617 pinsit,

301 676 406 725 Nec
439 691 610 723 manus
646 673 888 722 auriculas
921 676 1111 723 imitata
1144 689 1221 724 est
1253 678 1451 736 mobilis
1482 680 1639 739 albas,

250 942 285 968 v.
314 930 375 968 70.
402 937 506 979 pote:
561 931 609 968 A.
654 931 703 968 N.
732 930 777 969 O.
806 931 853 968 R.
891 931 941 968 D.
986 930 1035 967 K.
1067 930 1122 967 M.
1154 944 1187 981 ρ.
1231 933 1271 967 2.
1316 930 1366 968 Δ.
1396 932 1517 971 dicam
1544 933 1591 972 A.
1624 936 1671 973 Ο.
1724 938 1767 975 In

172 1030 231 1067 ed.
260 1031 303 1067 L.
330 1030 568 1079 parenthesis
594 1033 701 1080 patet
728 1042 765 1067 α.
790 1041 830 1068 ν.
851 1028 969 1080 7οζ-
984 1029 1054 1079 76.Ι
1077 1028 1170 1078 (Qui
1201 1043 1239 1079 p.
1272 1051 1322 1058 ——
1345 1043 1500 1069 sannae.
1505 1034 1539 1080 ).

229 1132 400 1180 seoequip.
428 1132 471 1169 P.
499 1131 547 1170 N.
578 1132 625 1169 Ο.
654 1143 707 1169 se
731 1133 832 1180 quip.
866 1135 931 1168 eoet
956 1137 1009 1167 at
1036 1129 1081 1166 A.

224 1233 351 1280 pinoeit
387 1232 432 1270 L.
470 1232 517 1269 F.
550 1231 600 1268 H.
640 1230 682 1267 S.
708 1233 749 1275 {1-
790 1229 898 1278 (cum
941 1230 1070 1268 multis
1110 1230 1265 1280 Codd.).
1304 1233 1432 1281 pinsit.
1473 1233 1517 1270 Ρ.
1548 1234 1599 1278 G,
1628 1239 1667 1274 et
1693 1239 1760 1275 rel.

170 1330 387 1368 Scriberem
431 1331 635 1380 equidem,
667 1329 743 1367 nisi
778 1331 948 1369 obstaret
981 1331 1180 1369 Diomedis
1205 1332 1464 1370 testimonium
1499 1346 1538 1382 p.
1565 1334 1671 1383 370„
1700 1341 1763 1374 ut-

167 1432 258 1477 pote
289 1429 395 1467 euius
434 1433 607 1480 tempore
639 1430 727 1475 >iam
767 1429 986 1478 ambiguum
1023 1433 1129 1477 erat,
1160 1434 1287 1467 utrum
1313 1432 1431 1479 pinsit
1458 1444 1507 1469 an
1536 1435 1677 1481 pinsat,
1698 1437 1761 1472 vel

167 1530 258 1576 pisit
282 1532 348 1567 aut
389 1532 493 1579 pisat
531 1530 736 1578 legendum
773 1534 901 1578 esset,
940 1532 1102 1578 punxit,
1138 1541 1237 1578 quae
1276 1529 1437 1578 perfecti
1470 1530 1593 1569 forma
1631 1533 1759 1570 eidem

167 1627 348 1665 Diomedi
374 1641 412 1678 p.
446 1630 535 1668 369.
569 1605 764 1678 probatur.
817 1628 1009 1666 Confundi
1044 1627 1176 1665 literas
1209 1639 1227 1664 s
1267 1631 1307 1664 et
1327 1627 1362 1664 'x
1394 1628 1521 1667 ubivis
1556 1629 1597 1667 in
1634 1630 1759 1669 Codd.

166 1726 259 1763 Mss.
288 1731 447 1766 constat.
498 1730 659 1779 Repetit
696 1729 795 1767 hanc
829 1728 1034 1767 lectionem
1055 1727 1097 1765 in
1132 1739 1208 1765 uno
1247 1726 1392 1766 Codice
1425 1727 1472 1767 P.
1499 1728 1694 1777 Danielis,
1724 1730 1765 1767 id

167 1827 269 1875 quod
296 1827 459 1875 cognovi
488 1840 538 1866 ex
562 1826 755 1865 uberrimo
783 1827 864 1866 eius
891 1830 1090 1876 apparatu,
1117 1828 1268 1866 Bernae
1297 1839 1321 1865 a
1348 1840 1411 1866 me
1441 1828 1491 1867 ad
1517 1830 1642 1867 lucem
1671 1841 1764 1878 pro-

166 1929 288 1965 tracto
316 1931 355 1966 et
378 1927 582 1977 aliquando
619 1926 763 1977 publici
802 1927 896 1966 iuris
932 1926 1108 1966 faciendo
1145 1940 1222 1965 una
1248 1940 1333 1966 cum
1367 1928 1630 1979 maximopere
1653 1932 1763 1969 locu-

165 2028 312 2077 pletato
337 2028 557 2078 Foquellini
584 2026 892 2074 Commentario,
920 2026 982 2067 cui
1006 2027 1151 2067 inserta
1177 2028 1306 2066 omnia
1331 2033 1430 2077 sunt,
1456 2041 1647 2080 quemque
1676 2042 1764 2078 gra-

167 2130 227 2163 tus
255 2126 322 2167 ille
357 2127 564 2176 discipulus
591 2126 748 2165 maioris
770 2125 939 2166 habebat
978 2140 1091 2176 quam
1118 2129 1290 2166 Passow.
1317 2140 1356 2176 p.
1385 2126 1473 2166 146.
1525 2130 1596 2167 Est
1634 2134 1763 2168 autem

166 2241 329 2279 pmaeyere
343 2241 420 2269 vox
445 2228 650 2270 vellicandi
674 2227 841 2267 solennis
866 2227 914 2266 cf.
940 2227 1039 2267 Plin.
1058 2227 1181 2276 XXX,
1201 2227 1264 2267 10.
1295 2239 1410 2265 mam
1432 2238 1597 2276 pwnyere
1625 2229 1760 2276 coepit.

167 2330 234 2367 Sic
274 2329 390 2368 etiam
434 2330 634 2378 sequentia
668 2329 804 2367 melius
830 2332 998 2378 'possunt
1033 2327 1230 2378 expediri:
1270 2340 1335 2365 nec
1372 2339 1478 2377 quem
1513 2326 1707 2377 (pungens
1733 2342 1763 2367 s.

166 2426 575 2477 vellicans)-mmms
594 2428 693 2467 mab.
721 2429 914 2465 awriculae
938 2427 1048 2465 albas
1071 2428 1148 2477 (ita
1175 2440 1308 2467 omnes
1334 2428 1428 2466 Mss.
1458 2430 1497 2464 et
1535 2426 1623 2463 edd.
1651 2426 1764 2475 vett.)

166 2532 316 2569 imitata
341 2534 397 2567 est
422 2527 501 2578 (sic
526 2538 626 2565 omn.
655 2525 761 2565 editt.
808 2526 934 2575 vett.).
977 2527 1074 2565 Cod.
1106 2529 1220 2566 Bern.
1248 2527 1334 2566 257.
1363 2526 1481 2563 habet
1508 2527 1662 2572 imitari,
1693 2526 1765 2563 ad-

166 2629 318 2679 scripsit
342 2631 469 2667 autem
506 2639 639 2666 manus
680 2634 725 2670 1:
768 2626 910 2676 „aliter
939 2627 1087 2667 imitata
1125 2627 1225 2668 estf‘
1261 2626 1471 2669 Iudicanda
1508 2631 1567 2665 est
1605 2626 1762 2665 omnino

167 2730 263 2784 haec
300 2730 414 2770 lectio
441 2729 647 2778 vetustior,
677 2728 869 2768 difficilior
897 2733 936 2767 et
968 2728 1117 2778 aptior,
1144 2739 1259 2777 quam
1284 2728 1441 2773 imitari,
1468 2726 1571 2777 quod
1600 2726 1647 2763 ab
1673 2725 1761 2765 Nic.

166 2831 328 2871 Heinsio
361 2832 418 2882 (in
453 2830 615 2869 Advers.
651 2833 684 2878 1,
720 2830 756 2867 3.
783 2843 820 2879 p.
849 2829 934 2879 29.)
966 2842 1016 2868 ex
1048 2827 1282 2867 membranis
1307 2826 1560 2865 Leidensibus
1585 2824 1761 2875 petitum,

168 2940 192 2965 a
230 2930 447 2971 Burmanno
482 2930 523 2968 in
558 2931 704 2977 sylloge
741 2929 850 2979 epist.
887 2930 1000 2968 Tom.
1039 2929 1103 2967 IV.
1131 2941 1169 2978 p.
1195 2925 1411 2968 432-34.
1440 2936 1511 2976 pro
1538 2924 1762 2975 imperfecto

169 3031 365 3075 acoeptum
379 3057 393 3076 ,
433 3035 471 3070 et
495 3043 617 3081 nuper
641 3030 682 3068 in
709 3029 840 3069 diariis
875 3031 1017 3069 literar.
1051 3030 1199 3072 lenens.
1232 3039 1267 3067 a.
1288 3027 1402 3068 1822.
1428 3040 1465 3066 n.
1495 3026 1581 3066 198.
1610 3024 1664 3063 ita
1690 3035 1763 3062 ex-

1932 3167 1959 3207 ’ἡ
