1959 3316
962 124 1026 164 22-

308 265 517 314 Laudmi
541 279 778 319 metuam:
804 289 958 335 neque
979 272 1107 317 enim
1132 269 1250 315 mihi
1281 283 1457 315 cornea
1486 265 1610 313 fibra
1635 276 1708 312 est
1732 284 1741 314 :

312 388 411 437 Sed
442 398 567 443 recti
601 398 845 459 finemque
878 404 1248 456 extremumque
1289 411 1397 443 esse
1430 409 1603 440 recuso

310 521 449 583 Euge
481 532 630 578 tuum,
665 530 715 565 et
751 508 941 565 belle.
986 516 1111 564 Nam
1135 517 1266 564 belle
1291 517 1382 565 hoc
1403 526 1580 564 excute
1607 526 1784 565 totum:

316 644 443 698 Quid
480 651 578 689 noh
614 647 748 692 intus
777 645 956 692 habet?
988 642 1101 690 Non
1134 644 1214 691 hic
1249 653 1326 690 est
1356 643 1474 690 Ilias
1512 643 1629 691 Acci
1672 642 1785 708 [50]

317 773 467 820 EbrIa
499 772 726 817 veratro?
761 769 873 817 Non
910 773 953 815 si
982 787 1075 832 qua
1112 771 1327 833 elegidia
1361 770 1497 818 crudi
1727 771 1787 814 65

315 899 578 945 DIctarunt
608 894 873 958 proceres&
907 893 1019 940 Non
1056 893 1281 957 quicquid
1313 895 1521 956 denique
1553 897 1695 943 lectis

317 1021 558 1068 Scribitur
580 1023 631 1066 in
653 1022 923 1067 citreisiss—
940 1020 1162 1066 Calidum
1188 1022 1284 1065 scis
1299 1036 1481 1081 ponere
1498 1038 1693 1069 sumen:

317 1146 426 1192 Seis
461 1145 689 1191 comitem
720 1142 1024 1202 horridulum
1054 1143 1167 1188 trita
1200 1143 1377 1189 donare
1413 1143 1627 1205 lacerna,

318 1272 381 1321 Et
413 1270 690 1330 „Verum“
723 1270 916 1330 inquis,
955 1284 1135 1326 „amot
1166 1285 1336 1316 verum
1370 1269 1489 1316 mihi
1521 1271 1664 1320 dicite

740 1395 797 1442 de
846 1409 939 1438 me.
957 1398 988 1421 ‘⁶
1025 1419 1083 1428 —-

191 1518 503 1535 -u-e-d—

246 1629 385 1654 cornua
424 1614 483 1660 fib.
512 1613 560 1649 R.
595 1612 643 1648 K.
676 1611 727 1648 A.

298 1729 334 1756 v.
363 1716 425 1755 63.
478 1714 583 1761 Euge
615 1719 718 1750 tufum
761 1712 852 1749 belle
890 1710 984 1760 (del.
1021 1712 1076 1761 et)
1108 1713 1160 1751 Y.
1205 1716 1299 1750 accii
1336 1713 1385 1751 A.
1425 1713 1472 1749 L.
1532 1714 1622 1750 actii
1646 1713 1697 1751 N.
1726 1713 1794 1750 rel.

194 1831 295 1856 omn.
329 1816 422 1853 acci.
478 1814 578 1851 &ntro
614 1812 747 1850 habet.-
789 1811 835 1849 A.
875 1812 922 1849 Ο.

301 1928 340 1954 v.
365 1913 430 1953 65.
491 1912 644 1959 eliyidia
675 1911 726 1948 H.
789 1911 925 1959 eliyida
950 1911 998 1949 K.
1066 1913 1229 1962 aeliyida
1253 1913 1301 1949 D.
1329 1912 1376 1949 R.
1434 1913 1593 1961 eliyeida
1618 1914 1668 1953 Y.
1725 1916 1799 1953 ele-

194 2020 309 2068 yedia
339 2017 392 2053 Β.
454 2014 597 2061 eleyz'da
633 2013 678 2050 P.
718 2019 761 2050 N.
818 2013 934 2061 eleyia
964 2012 1009 2051 V.
1076 2014 1214 2061 eleyeia
1252 2012 1284 2051 I.
1326 2014 1498 2061 aeleyida
1534 2013 1583 2060 G.
1625 2016 1694 2053 rel.
1725 2018 1799 2053 ele-

192 2120 330 2166 yidia:
375 2128 440 2153 ver
474 2120 585 2151 atro.-
624 2125 659 2162 ρ.
712 2117 887 2149 veratro:
929 2123 1030 2148 omn.
1067 2112 1248 2160 quidquid
1275 2111 1321 2148 B.
1348 2113 1381 2148 Ι.
1424 2124 1599 2159 proceres
1624 2127 1725 2153 omn.
1748 2119 1801 2154 ci-

195 2220 308 2256 treis:
348 2222 425 2254 aut.
468 2227 564 2252 omn.
604 2216 731 2252 citreis
767 2213 839 2250 cal.
880 2227 917 2250 α.
954 2215 993 2260 β.
1024 2210 1075 2248 Δ.
1133 2214 1259 2248 citeris
1300 2212 1423 2249 Galid.
1458 2212 1504 2251 V.
1533 2212 1579 2259 R,
1641 2214 1800 2252 calidum

199 2319 253 2354 sis
286 2316 339 2352 H.
395 2316 479 2351 Scis
512 2326 592 2351 com
618 2316 765 2352 mittere
790 2314 836 2350 A.
891 2312 1124 2348 horeidulum
1150 2309 1200 2347 Y.
1240 2312 1406 2364 ⁸lucerne
1438 2308 1489 2348 A.

252 2416 389 2452 dzcito:
416 2414 463 2450 de
494 2424 553 2450 me
582 2412 629 2450 A.
658 2412 703 2450 Β.
731 2411 777 2450 C.
805 2412 851 2450 L.
875 2411 930 2450 M.
959 2412 1006 2451 Q.
1033 2411 1081 2447 X.
1116 2410 1165 2448 T.
1200 2424 1237 2447 a.
1276 2412 1315 2459 β.
1356 2412 1468 2448 dicito
1498 2410 1544 2449 de
1570 2423 1628 2451 me
1646 2412 1692 2461 O,
1721 2425 1778 2453 me
1789 2430 1800 2463 ς

194 2514 240 2553 V.
276 2524 335 2551 me
365 2513 416 2549 Y.
446 2524 482 2561 ρ.
531 2513 643 2550 dicite
666 2513 712 2549 de
740 2509 829 2551 me?
871 2513 921 2550 N.
956 2513 1007 2552 D.
1034 2512 1085 2551 G.
1113 2512 1160 2548 R.
1187 2511 1219 2547 Ι.
1246 2509 1288 2547 S.
1318 2509 1366 2547 Κ.
1399 2515 1440 2549 Ν..
1472 2509 1522 2548 Δ.
1581 2514 1717 2552 dicite.-
1758 2518 1804 2553 ‹Ie

195 2611 287 2652 mc?
316 2613 365 2650 E.
400 2612 448 2648 F.
480 2611 531 2648 H.
567 2613 677 2649 dicite
701 2613 747 2649 de
771 2624 828 2648 me
852 2610 895 2648 P.
931 2614 971 2647 2.
1039 2609 1105 2646 Sic
1132 2621 1217 2647 cum
1244 2611 1419 2648 omnibus
1445 2610 1526 2650 fere
1558 2610 1682 2651 Codd.
1709 2612 1804 2651 meis

198 2715 341 2753 scribo.
387 2712 484 2750 Cod.
517 2709 641 2749 Paris.
667 2710 763 2758 Reg.
792 2709 907 2750 8246.
952 2719 1056 2749 saec.
1090 2708 1193 2748 XIII.
1225 2711 1387 2759 praebet
1411 2713 1597 2761 glossam:
1625 2722 1649 2750 o
1678 2711 1804 2752 fauto-

201 2825 277 2852 res.
333 2817 378 2849 In
411 2812 509 2850 Cod.
538 2812 711 2849 Monam:
735 2812 812 2848 illo.
847 2823 948 2848 man.
981 2812 1016 2848 2.
1051 2822 1074 2848 e
1099 2810 1140 2847 in
1168 2822 1190 2848 0
1216 2812 1387 2853 mutavit.
1429 2813 1481 2849 At
1510 2824 1690 2852 numerus
1719 2816 1806 2864 plu-

199 2913 292 2951 ralis
324 2913 434 2952 ealvo
469 2910 628 2960 nnganti
643 2938 653 2958 ‚
691 2911 807 2968 paulo
851 2913 1073 2969 perturbato
1117 2916 1156 2951 et
1200 2914 1323 2953 laudis
1341 2927 1347 2932 ·
1365 2911 1611 2967 cupidissimo
1636 2915 1805 2960 maxime

203 3012 392 3059 convenit.
