1959 3316
958 226 1022 267 40

314 380 582 440 SordidnS,
615 387 666 426 et
692 377 832 426 lusco
868 377 950 439 qui
976 373 1135 436 possit
1165 371 1356 419 dlceree
1399 364 1563 417 lusce!

314 508 439 555 Sese
475 505 685 564 aliquem
718 499 940 557 credens,
963 488 1091 543 Italo
1114 495 1243 559 quod
1271 495 1458 541 honore
1484 496 1688 558 supinus

319 627 543 690 Fregel-it
581 624 806 672 heminas
845 623 1013 671 Arreti
1044 619 1236 668 Aedilis
1270 621 1491 684 iniquas'3
1639 614 1788 681 [130]

191 918 326 965 sautf‘,
353 915 444 957 vide
468 914 595 952 Plaut.
617 911 660 950 in
684 910 878 950 Pseudolo
904 909 933 957 1,
964 900 999 957 1,
1029 907 1117 947 105.
1160 905 1254 955 ibiq.
1294 905 1437 954 Scalig.
1471 905 1511 943 in
1536 904 1599 943 ed.
1626 901 1732 952 Lips.
1759 899 1797 938 et

191 1024 336 1059 Mutet.
369 1029 450 1057 var.
476 1017 565 1053 lect.
593 1013 679 1051 Vol.
710 1015 744 1046 Ι.
771 1023 810 1059 p.
839 1009 929 1049 251.
979 1009 1084 1047 Nota
1110 1012 1169 1047 est
1192 1009 1365 1045 veterum
1391 1002 1611 1054 superstitio
1637 1001 1688 1038 de
1712 1000 1796 1048 pala-

192 1118 447 1172 pitationibus
474 1113 558 1163 (lib.
585 1110 821 1159 Melampod.
859 1107 949 1159 περὶ
982 1106 1183 1157 παλμῶν).
1236 1105 1316 1147 vid.
1353 1103 1522 1144 Ernesti,
1554 1101 1604 1140 ad
1644 1097 1796 1138 Gallim.

192 1219 323 1267 hymn.
351 1214 394 1253 in
424 1212 515 1252 Cer.
555 1223 592 1250 v.
625 1209 690 1250 89.
730 1207 886 1247 Fabric.
928 1207 1020 1247 bibl.
1060 1219 1119 1255 gr.
1144 1206 1174 1253 I,
1203 1203 1265 1244 15.
1302 1215 1341 1254 p.
1367 1204 1419 1247 99
1445 1214 1503 1253 sq.
1547 1196 1723 1239 Eustath.
1749 1194 1801 1233 ad

197 1314 309 1353 Iliad.
334 1312 419 1352 VII.
448 1325 486 1361 p.
516 1311 604 1360 547,
635 1311 686 1350 26
698 1283 865 1357 ³:675,
897 1307 960 1346 42.
1014 1308 1163 1345 Dextro
1189 1306 1300 1343 oculo
1331 1316 1401 1342 sua
1427 1306 1562 1353 sponte
1587 1295 1802 1339 subsilienti

197 1412 376 1465 prosperi
414 1409 560 1460 aliquid
597 1408 916 1459 portendebatur,
966 1410 1010 1445 ut
1038 1409 1145 1455 patet
1176 1417 1227 1443 ex
1266 1401 1500 1443 Theocriteo
1536 1398 1605 1437 illo
1645 1390 1805 1431 ἅλλετα·

198 1507 417 1563 ὀφθαλμός
431 1519 507 1558 μευ
524 1504 545 1543 ὅ
565 1505 703 1549 δεξιός.
741 1508 802 1545 De
827 1506 902 1544 hac
926 1518 970 1544 re
995 1504 1043 1543 cf.
1070 1501 1281 1542 sakuntala
1304 1514 1343 1550 p.
1369 1500 1433 1539 97.
1465 1498 1527 1536 ed.
1551 1494 1696 1541 Ohezy.
1716 1486 1809 1528 Md!

197 1602 307 1662 latip.
342 1609 381 1650 5.
413 1613 453 1648 et
488 1606 704 1646 Mrichhak.
741 1619 779 1656 p.
815 1606 927 1645 1888.
971 1604 1060 1642 222.
1106 1600 1188 1650 (ed.
1237 1598 1436 1648 Calcutt.).
1488 1593 1604 1637 Quod
1645 1592 1806 1640 verbum

198 1711 329 1748 luscus
360 1707 404 1746 in
441 1706 545 1744 hunc
582 1704 738 1742 modum
783 1702 1038 1750 interpreter,
1073 1710 1136 1736 me
1162 1701 1295 1736 monet
1320 1708 1407 1734 cum
1446 1694 1620 1732 turbatus
1651 1692 1806 1727 senten-

198 1810 340 1849 tiarum
366 1807 486 1852 ordo,
530 1816 554 1841 a
590 1815 665 1852 quo
705 1802 888 1839 absonam
927 1801 1025 1838 duco
1064 1797 1273 1837 debilitatis
1307 1794 1390 1834 veri
1428 1792 1524 1832 lusci
1561 1788 1806 1833 derisionem,

203 1914 283 1948 tum
311 1905 558 1958 participium
584 1890 689 1952 quod
712 1899 944 1948 adiungitur.
1003 1897 1107 1939 Quid
1151 1900 1304 1944 autem,
1341 1893 1375 1934 si
1407 1892 1566 1934 vocibus
1611 1889 1749 1928 luscior
1770 1888 1812 1924 et

205 2008 438 2046 luscissimus
469 2002 597 2052 (Varr.
624 2000 673 2037 de
698 1999 744 2036 L.
776 1998 822 2034 L.
849 1996 950 2043 Vm,
982 1993 1065 2040 43.)
1094 1992 1290 2031 civitatem
1314 1991 1370 2030 ita
1396 1985 1614 2030 redderes'.2
1648 1984 1745 2024 Loci
1768 1986 1812 2021 ut

201 2106 243 2143 in
269 2104 507 2150 Hieronymo
534 2099 621 2137 adv.
649 2095 835 2136 Iovinian.
864 2094 932 2131 lib.
973 2096 1045 2131 11.:
1084 2091 1189 2134 Quid
1218 2092 1377 2142 prodest
1413 2092 1560 2128 luscum
1584 2098 1725 2128 vocare
1750 2085 1813 2122 lu-

203 2199 337 2243 scum?
363 2200 406 2238 in
424 2200 505 2238 luV.
528 2198 577 2246 X,
607 2197 697 2237 228.
728 2194 862 2233 ambos
887 2191 1065 2231 Perdidit
1093 2192 1160 2230 ille
1191 2191 1334 2237 oculos,
1367 2193 1408 2229 et
1436 2188 1552 2228 luscis
1575 2185 1734 2227 invidet.
1762 2183 1814 2222 al.

205 2300 456 2355 explicationi
481 2310 593 2338 meae
622 2288 661 2336 h.
689 2297 716 2335 1.
743 2307 821 2334 non
845 2292 1102 2341 refragantur.
1134 2304 1186 2321 -ὖ

309 2426 434 2476 possit
469 2420 626 2472 plurimi
665 2423 757 2460 vett.
797 2416 920 2456 Codd.
959 2418 997 2454 et
1034 2414 1140 2455 editt.
1178 2405 1299 2465 poscit
1333 2403 1386 2452 Y.
1423 2409 1477 2450 A.
1515 2411 1555 2449 et
1579 2405 1817 2447 recentiores

206 2529 300 2577 Mgs.
346 2522 643 2575 Expositionem
670 2531 798 2558 meam
837 2516 954 2556 totius
988 2515 1065 2553 loci
1094 2517 1329 2565 amplectens
1355 2513 1445 2553 vide
1472 2512 1572 2550 sitne
1598 2497 1819 2545 revocanda

203 2628 320 2668 lectio
347 2654 372 2673 „
384 2619 531 2674 prosit!
548 2620 572 2667 ἔ(
596 2623 638 2657 ut
664 2618 760 2656 Hor.
788 2616 872 2655 Art.
900 2620 1004 2666 poet.
1033 2629 1070 2656 v.
1096 2615 1201 2664 410„
1228 2613 1295 2653 ubi
1318 2609 1504 2662 perpauci
1530 2605 1655 2647 codd.
1682 2615 1821 2643 recen-—

206 2726 326 2766 tiores
357 2722 503 2776 hab—ent
534 2718 657 2769 possit
693 2716 742 2752 al.
785 2717 929 2766 poscit,
966 2713 1122 2763 plurimi
1159 2715 1252 2752 vett.
1279 2712 1415 2759 prosit.
1465 2714 1672 2757 qrayorum
1696 2700 1744 2740 V.
1774 2697 1821 2738 Β.

203 2828 377 2875 gaiorum
405 2820 453 2859 Aa
508 2819 600 2858 Sese
629 2826 730 2854 omn⁸
758 2813 882 2854 Codd.
916 2817 956 2854 et
981 2812 1091 2853 editt.
1120 2824 1201 2851 sese
1228 2809 1373 2860 aliquid
1398 2806 1453 2845 Y.
1477 2803 1582 2854 ytalo
1612 2799 1658 2838 L.
1684 2798 1824 2836 honore

209 2925 348 2974 supino
381 2923 427 2960 P.

316 3051 438 3089 arreti
475 3049 526 3088 N.
552 3051 601 3089 R.
625 3049 674 3089 G.
701 3047 751 3087 D.
780 3046 829 3086 Ε.
858 3044 911 3086 F.
936 3042 987 3082 H.
1017 3041 1057 3080 S.
1084 3028 1117 3079 1.
1150 3038 1199 3078 K.
1230 3035 1274 3079 s.
1304 3035 1357 3074 A.
1399 3026 1521 3070 arcun·
1546 3029 1594 3066 L.
1636 3019 1749 3064 arten
1772 3020 1825 3062 Y.

0 3156 152 3316 Χ
205 3147 353 3187 arrecii
384 3144 464 3196 (lit.
496 3147 624 3196 erasa)
656 3151 693 3186 2
737 3146 806 3184 rel.
835 3143 947 3181 areti.
1002 3140 1147 3178 eminas
1183 3138 1229 3175 P.
1258 3135 1307 3172 A.
1345 3132 1388 3169 L.
1419 3131 1473 3168 Y.
1526 3128 1683 3166 eminuas
1705 3123 1755 3160 Β.
