1959 3316
964 254 1064 307 vin

197 410 459 470 ducerent,
500 414 645 474 quam
690 426 758 460 ex
802 407 1037 459 Codicum
1078 405 1204 461 Msfs.
1241 405 1480 463 subsIdio'
1508 419 1590 458 aut
1614 426 1681 458 ex
1714 412 1797 458 ad-

198 500 372 550 sumtis
413 501 793 562 impressionum
831 483 1277 543 vetustiss1marum-
1319 500 1630 545 testimoniis.
1708 498 1800 543 Est

196 585 422 646 profecto
453 584 666 646 aliquid,
697 582 822 630 illud
857 583 1074 631 divinum
1092 619 1106 644 ,
1136 584 1264 647 quod
1294 585 1549 647 ingenium
1575 587 1796 645 dicimuS‚

198 672 285 717 sed
320 670 457 719 nulla
475 671 769 734 >excogitari
799 671 965 736 potest
983 674 1078 720 'via
1108 671 1360 732 lubricior,
1394 670 1530 720 nulla
1555 675 1798 720 temerita-

197 760 261 804 tis
295 759 562 822 opprobrio
597 762 876 825 errorisque
910 754 1110 823 superbi
1140 759 1360 823 periculo
1384 761 1541 823 magis
1564 759 1797 818 obnoxia,

199 861 343 907 quam
382 846 530 903 haec,
562 863 667 909 -qua
696 864 764 895 ex
796 849 1001 909 ingenio
1035 845 1356 907 scriptoribus
1387 846 1596 896 salutem
1632 863 1798 893 sumus

198 932 498 981 coniecturis
535 935 751 996 paraturi
790 934 1095 1001 nitoremque
1128 933 1344 978 veterem
1377 933 1711 993 conciliaturi,
1740 952 1799 982 ea

200 1013 337 1078 ipsa,
373 1035 469 1080 qua
510 1021 737 1081 sagacior
778 1030 828 1074 et
868 1020 1198 1086 perspicacior
1237 1018 1325 1073 ille
1358 1003 1652 1079 'Be'ntlez'uffi
1711 1021 1799 1067 Vir

203 1106 449 1166 eximius,
492 1115 681 1173 tantum
726 1106 956 1169 delapsus
999 1117 1050 1152 et
1091 1105 1152 1151 ab
1198 1106 1473 1167 elegantiae
1509 1105 1801 1170 subtilisque

199 1191 369 1236 iudicii
399 1208 569 1239 norma
597 1193 870 1241 declinatus
899 1203 1005 1252 est,
1046 1203 1100 1240 ut
1121 1201 1222 1239 arte
1256 1208 1360 1248 sua,
1387 1208 1530 1254 quam
1556 1181 1802 1258 audaciori

201 1278 444 1326 industria
469 1274 664 1342 quidem
698 1281 783 1327 sed
813 1296 925 1327 rara
954 1280 1131 1327 virtute
1169 1290 1219 1325 et
1249 1281 1498 1341 exquisita
1530 1266 1801 1336 eruditione

204 1373 303 1411 tam
347 1365 430 1412 diu
474 1365 762 1415 felicissime
807 1369 870 1413 in·
903 1366 1156 1413 veteribus
1204 1355 1524 1429 scriptoribus
1565 1369 1800 1436 pristinae

199 1451 431 1513 dignitati
459 1454 778 1500 restituendis
809 1462 1118 1511 exercuerat,
1148 1456 1200 1499 in
1232 1437 1461 1513 Miltonis
1485 1456 1713 1516 paradiso
1731 1456 1800 1500 ‘ri-

200 1537 363 1583 dIcule
414 1536 622 1587 abutens
670 1542 871 1602 genium
916 1556 1057 1587 suum
1100 1527 1373 1606 perdidisse
1419 1539 1654 1604 videatur.
1720 1539 1797 1586 Ab

201 1624 446 1671 eiusmodi
474 1626 757 1671 discrimine
790 1625 916 1672 nihil
949 1628 1000 1672 in
1036 1611 1352 1673 emendandis
1385 1626 1562 1687 priscis
1598 1628 1803 1689 scripto-

201 1711 341 1760 ribus
372 1723 475 1775 est,
507 1713 635 1778 quod
666 1707 913 1769 efficacius
943 1714 1102 1777 possit
1134 1696 1338 1765 avocare
1370 1712 1615 1759 iudicandi
1644 1714 1801 1761 soler-

204 1804 323 1847 tiam
343 1838 358 1861 ,
392 1802 518 1849 nihil
550 1802 679 1864 quod
716 1801 893 1847 melius
931 1810 1203 1862 temperare
1239 1816 1347 1845 eam
1379 1802 1538 1862 possit
1571 1812 1654 1848 aut
1685 1804 1801 1849 diri-

201 1906 321 1951 gere
367 1893 515 1952 atq'ue‘
556 1888 753 1941 firmare
800 1875 1106 1952 grandesque
1150 1871 1290 1939 curas
1335 1896 1385 1935 et
1416 1885 1615 1953 labores
1650 1887 1799 1950 plane

201 1977 460 2033 frustrari,
493 1977 590 2032 nisi
615 1968 769 2037 gnara
802 1984 850 2020 et
880 1955 1118 2038 perpetua
1147 1973 1358 2020 fontium
1391 1973 1576 2021 diversi
1608 1975 1718 2019 aevi
1751 1983 1802 2020 et

201 2061 352 2123 pretii
392 2060 662 2124 indagatio.
732 2062 965 2108 Attamen
1009 2075 1107 2104 non
1140 2058 1379 2126 diffiteor,
1407 2057 1499 2106 hoc
1529 2059 1678 2122 paulo
1712 2060 1803 2106 ali-

204 2158 279 2196 ter
317 2164 372 2195 se
405 2145 587 2212 habere
619 2151 670 2196 in
703 2149 929 2213 plurimis
965 2146 1286 2209 scriptoribus
1321 2147 1553 2214 Graecis3
1590 2147 1804 2209 quando-

204 2236 399 2298 quidem
430 2237 645 2283 rariores
680 2252 848 2283 eorum
871 2237 1036 2283 fontes
1068 2235 1200 2297 iique
1227 2232 1378 2294 vulgo
1405 2233 1607 2278 minoris
1630 2234 1804 2278 aetatis

204 2333 256 2368 et
287 2325 436 2384 pretii
467 2323 645 2368 fortius
681 2318 987 2369 et‘blandius
1018 2320 1277 2383 pelliciunt
1304 2319 1507 2380 ingenia
1540 2334 1802 2379 eorumque

205 2426 350 2472 opem
394 2418 445 2455 et
484 2410 617 2456 vires
660 2419 960 2472 provocant,
995 2402 1059 2454 >ut
1093 2406 1309 2454 maculas
1343 2422 1368 2452 e
1400 2415 1621 2452 veterum
1662 2402 1804 2450 libris

205 2497 510 2544 c‘oniiciendo
557 2498 727 2546 eluant
770 2498 1024 2560 magisque
1070 2495 1320 2566 confidant
1350 2494 1446 2542 sibi
1482 2507 1625 2556 quam
1660 2489 1805 2536 Codi-

203 2741 265 2777 ter
290 2739 452 2787 iocarer,
491 2750 619 2789 neque
645 2742 688 2778 ut
712 2738 1034 2787 homoeopathice
1063 2736 1173 2789 quasi
1196 2736 1356 2775 istorum
1386 2733 1531 2774 scabiei
1556 2730 1705 2773 mederi
1738 2744 1807 2770 co·-

204 2814 340 2850 nater,
364 2804 435 2842 sed
466 2809 508 2842 ut
530 2805 741 2853 permultas
782 2816 881 2854 quae
912 2804 1091 2842 dicuntur
1124 2799 1410 2840 emendationes
1440 2799 1538 2837 nihil
1565 2797 1641 2835 nisi
1669 2795 1806 2834 lectio-

203 2876 274 2905 nes
305 2865 527 2903 tolerabiles
564 2866 792 2917 legibusque
837 2865 1097 2917 grammaticis
1146 2863 1451 2903 accommodatas
1492 2861 1804 2905 demonstrarem,

204 2926 446 2965 coniecturas
486 2927 633 2976 aliquot
667 2929 796 2966 multis
832 2930 926 2977 locis
963 2934 1003 2967 et
1027 2926 1153 2967 modis
1169 2955 1179 2974 ,
1214 2938 1353 2975 nempe
1386 2921 1621 2972 argumentis
1646 2920 1806 2963 internis

203 2991 245 3025 et
272 2989 471 3037 externis,
492 2989 679 3030 suffultas
698 2991 740 3028 in
764 2992 935 3035 medium
962 2990 1126 3041 protuli,
1150 2992 1193 3027 ut
1221 2988 1312 3027 has:

457 3051 666 3101 Mecaenas
692 3054 740 3090 ab
771 3055 854 3094 avis
881 3054 985 3093 edite
1012 3053 1202 3106 regibus,>
1283 3098 1285 3101 ,

450 3114 577 3152 omne
603 3116 642 3155 e't
672 3112 908 3166 praesidium
935 3120 975 3156 et
994 3116 1106 3157 dulce
1132 3113 1249 3155 decus
1280 3124 1420 3163 meqm.
1450 3114 1522 3151 cte.
