1959 3316
901 167 1045 207 ,xxxu

165 308 345 368 quippe
378 304 462 367 qui
492 318 596 350 non
629 302 965 377 dubitaverim
966 304 1090 377 ipsa
1117 301 1281 349 libelli
1302 301 1488 348 adiecta
1517 303 1711 351 altera
1698 322 1772 352 m-

107 406 110 409 ’
165 394 433 454 scriptione
476 392 692 439 indicare
739 399 788 437 et
829 366 1079 452 profiteri,
1123 393 1311 436 versari
1345 391 1433 437 has
1464 408 1597 437 meas
1625 408 1773 454 quae2
1829 379 1835 385 χ

165 481 356 528 stiones
388 497 443 527 ac
469 481 679 542 fugitiva
727 480 831 525 fere
868 492 1013 524 manu
1051 476 1309 539 adspersas
1352 480 1770 527 adnotatiunculas

166 584 268 614 non
300 571 353 614 in
378 583 539 614 rerum
574 574 769 626 praeter
798 563 995 615 modum
1025 561 1282 611 arduarum
1313 566 1646 626 perfectione,
1687 566 1773 613 sed

166 649 346 700 vconatu
375 651 584 714 quodam
617 660 804 697 tantum
824 650 1003 697 debere
1026 654 1322 715 praevioque
1343 650 1577 715 periculo.
1609 648 1774 704 Quod-

168 742 213 786 si
249 750 416 796 contra
449 755 570 800 quae
598 755 624 783 e
657 755 789 799 penu
820 755 931 784 meo
961 740 1339 802 discrepantium
1361 740 1629 789 lectionum
1656 753 1775 798 opu-

168 823 370 873 lentiori
407 825 687 887 depromta,
741 834 911 891 atque,
954 825 1040 870 ubi
1073 825 1261 876 calculo
1293 842 1403 872 meo
1436 824 1773 888 qualicumque

171 910 363 958 adiecto
396 911 558 958 lucem
586 911 774 973 aliquot
802 910 926 957 locis
959 911 1222 956 accendere
1253 913 1455 967 tentavi,
1485 910 1698 957 delibata
1718 925 1773 954 ac

168 986 414 1063 disputata
447 1000 609 1056 animo
638 1000 745 1044 veri
777 998 1111 1044 amantissimo
1144 1007 1283 1057 sunt,
1319 1000 1650 1060 nonjprorsus
1681 997 1778 1040 ini-

166 1103 263 1149 qua
299 1079 592 1145 arbitrorum
624 1087 754 1137 ferre
791 1086 1027 1157 sutfragia
1059 1086 1386 1155 intellexero:
1420 1082 1768 1159 omniqminde

166 1187 388 1219 meorum
408 1172 553 1230 h‘uius
568 1169 767 1233 generis
779 1169 1009 1239 laborum
1025 1170 1474 1234 spinosissimorum
1482 1161 1787 1233 praeiudicii

165 1255 470 1321 aliquantum
485 1274 656 1320 capere
671 1261 957 1324 animosque
978 1261 1202 1305 excitans
1219 1276 1360 1306 omen
1376 1258 1572 1321 aliquod
1586 1256 1773 1304 licebit.

296 1343 649 1402 Verumtamen
682 1361 837 1407 pauca
870 1345 988 1391 haec
1016 1347 1178 1392 omnia
1220 1348 1353 1392 ocius
1397 1338 1647 1392 mensibus
1683 1360 1773 1390 sex

166 1434 322 1494 quam'
344 1449 374 1476 a
410 1430 639 1478 praeside
668 1443 835 1479 nostro
880 1434 1126 1482 decretum
1173 1434 1431 1496 aliquando
1468 1444 1609 1495 atque
1645 1430 1775 1494 apud

166 1531 257 1565 nos
293 1518 606 1566 constitutum
640 1529 774 1576 erat,
838 1520 908 1566 sic
951 1517 1108 1566 literis
1140 1529 1194 1566 ut
1226 1518 1533 1575 mandaiem‚
1588 1517 1776 1565 monuit

165 1607 401 1650 maturior
442 1605 710 1651 scribendi
730 1608 1077 1666 opportunitas.
1158 1605 1289 1651 Hinc
1336 1616 1408 1651 est
1453 1605 1774 1680 potissimum,

163 1679 295 1752 quod
323 1706 421 1736 non
458 1688 625 1736 dubito
661 1690 877 1752 nihilque
910 1687 1098 1748 laboro,
1132 1692 1246 1754 quin
1277 1693 1468 1739 veniam
1502 1691 1592 1737 sim
1624 1691 1774 1751 impe·

165 1786 378 1823 traturus
393 1794 574 1833 eorum,
598 1794 799 1838 quorum
821 1778 1177 1839 exspectationi
1192 1796 1288 1826 non
1303 1780 1497 1825 omnino
1524 1776 1776 1823 satisfacc-

164 1878 217 1907 re
241 1872 462 1923 potuero.
511 1858 702 1922 Quippe
724 1862 886 1908 evenit
910 1867 1060 1922 nuper
1081 1864 1330 1922 provincia
1363 1863 1501 1909 nobis
1541 1861 1775 1909 invitandi

171 1953 372 1995 Tutores
408 1964 464 1994 ac
496 1946 761 2003 Patronus,
802 1946 1042 1993 Fautores
1077 1958 1125 1993 et
1157 1949 1352 1995 Amicos
1382 1949 1578 1996 scholae
1611 1952 1776 1995 iuven-

166 2037 378 2098 tutisque
412 2043 623 2081 nostrae.
694 2031 997 2105 Frequentes
1029 2035 1189 2105 igitur!
1210 2045 1263 2082 ut
1293 2036 1461 2085 adesse
1496 2036 1776 2099 dignemini,

163 2122 332 2177 VOS,
372 2120 523 2175 vaRl
577 2119 1021 2175 NOBILISSIM1‚
1072 2120 1596 2179 ILLVSTRISSIMI,
1639 2122 1775 2167 SPE-

167 2206 567 2264 CTATISSIML
602 2202 1111 2254 COLLEGIORVM
1145 2206 1504 2254 REGIORVM
1536 2207 1776 2254 PROCE-

164 2295 293 2339 RES
350 2294 443 2339 ET
492 2292 726 2338 OMNES
785 2290 1067 2337 OMNIVM
1114 2289 1429 2346 ORDINVM
1462 2290 1628 2348 VlRI,
1691 2309 1778 2339 nec

165 2397 267 2427 non
302 2380 436 2428 VOS
475 2381 759 2445 quicumque
795 2376 1071 2425 educationi
1106 2387 1155 2425 et
1186 2381 1483 2446 institutioni
1515 2381 1775 2426 iuventutis

165 2468 292 2517 bene
325 2470 557 2532 cupiatis,
591 2478 735 2531 atque
769 2476 851 2512 aut
883 2463 1079 2528 publico
1116 2470 1341 2530 quopiam
1376 2443 1452 2514 vel
1479 2469 1664 2529 privato
1695 2483 1778 2528 pa-

162 2560 371 2604 trocinio
407 2556 547 2603 nobis
582 2554 825 2602 coniuncti
856 2555 988 2600 sitist
1029 2553 1164 2600 VOS
1199 2552 1426 2600 OMNES
1472 2563 1524 2599 ut
1552 2569 1775 2617 praesen-

164 2645 235 2691 tia
270 2643 537 2690 VESTRA
572 2660 780 2690 examen
814 2651 1032 2688 nostrum
1067 2659 1240 2688 ornare
1273 2641 1593 2702 audiendique
1631 2639 1776 2687 bene-

164 2728 384 2777 volentia
416 2729 650 2778 adiuvare
684 2726 862 2789 velitis,
898 2745 1085 2776 summa
1120 2742 1212 2791 qua
1244 2746 1330 2792 pai·
1364 2738 1438 2776 est
1471 2727 1774 2776 observantia

168 2827 217 2863 et
255 2816 413 2865 officio
448 2833 692 2880 rogamus.

235 2903 516 2954 scribebam
562 2903 783 2952 Dresdae
816 2906 936 2968 ipsis
970 2905 1086 2953 idib.
1110 2906 1252 2969 Aug.
1290 2899 1772 2953 MDCCCXXXIH.

756 3044 1168 3055 —w..--—.—-..-...
