1959 3316
916 200 994 234 Χῖῐ

133 353 268 412 cipes
298 345 353 392 et
381 347 570 407 primae
595 333 862 397 vocantur,
891 348 1004 386 sunt
1037 339 1345 400 exscriptae,
1391 348 1465 384 ex
1491 337 1567 386 his
1602 343 1728 394 aliae

133 447 252 484 sunt
280 440 517 493 excusae,
549 432 644 480 hoc
674 430 758 479 vel
789 428 880 476 illo
913 426 1093 474 Codice
1121 426 1174 472 in
1197 438 1361 489 partes
1381 438 1570 491 vocato,
1602 433 1730 481 aliae

133 524 335 573 fidelius
368 523 636 584 repetitae,
670 527 721 563 et
760 517 829 561 sic
863 513 1046 560 sensim
1083 514 1363 577 sensimque
1399 512 1509 564 sese
1542 521 1735 570 confor-

138 615 290 659 mavit
318 599 464 656 lectio
497 606 712 665 vulgata,
730 604 895 663 ,magis
939 602 1161 646 minusve
1210 617 1238 646 a
1266 603 1528 663 typothetis
1551 612 1734 657 temere

137 699 422 758 inquinata,
466 709 495 737 a
539 689 898 737 correctoribus
941 688 1172 735 audacius
1214 690 1537 752 interpolata,
1584 705 1667 742 aut
1709 714 1737 742 a

139 784 323 832 criticis
368 781 529 826 acrius
569 777 859 830 sollicitata,
912 774 1101 821 doctius
1149 778 1416 824 emendata
1446 790 1494 827 et
1523 781 1738 832 limatius

136 857 309 937 polita,
389 868 619 915 Attamen
657 880 725 909 ex
756 862 848 907 hoc
883 860 1065 921 duplici
1099 863 1235 908 fonte
1279 874 1332 909 et
1368 882 1485 912 vera
1531 879 1581 915 et
1612 869 1740 917 falsa

141 962 425 1011 fluxerunt,
461 955 573 1016 quia
603 953 667 998 iis
702 967 821 997 sana
852 954 950 994 non
981 946 1139 995 solum
1172 951 1483 999 continentur
1496 958 1581 1001 sed
1604 974 1740 1004 men-

143 1048 239 1097 dae
270 1045 434 1089 etiarn.
501 1040 682 1085 Earum
715 1040 766 1082 in
803 1035 955 1081 codd„
987 1033 1130 1080 MSSiS
1159 1044 1241 1080 aut
1270 1052 1442 1084 vecors
1476 1038 1638 1086 scriba
1660 1053 1744 1089 aut

144 1132 386 1178 vetustior
432 1126 719 1171 temerarius
761 1121 1008 1183 glossator
1050 1119 1230 1182 aliquis
1267 1123 1458 1185 culpam
1490 1127 1615 1183 fert,
1660 1140 1744 1175 aut

145 1218 248 1264 alia
275 1214 450 1262 existit
479 1213 620 1273 origo
654 1208 1005 1271 qualiscunque
1038 1206 1185 1254 altius
1218 1210 1503 1273 adsurgens.

271 1301 521 1356 Quocirca
564 1295 846 1341 mendarum
891 1295 1108 1354 cognitio
1146 1311 1242 1340 non
1290 1298 1448 1344 minus
1484 1304 1656 1361 vpotest
1687 1304 1746 1349 ad

149 1388 403 1452 scriptoris
436 1383 646 1431 salutem
680 1385 822 1442 quain
849 1382 1032 1441 optima
1057 1384 1252 1429 varians
1285 1384 1459 1441 lectio,
1493 1396 1543 1432 et
1576 1389 1619 1433 si
1640 1391 1747 1450 quis

154 1474 423 1525 Codicibus
464 1478 583 1516 vett.
626 1473 768 1512 utens
804 1468 1004 1512 mendas
1039 1479 1173 1514 esset
1205 1469 1539 1531 neglectui-ue,
1577 1475 1749 1522 eodem

149 1571 293 1627 pacto
333 1563 383 1604 in
428 1553 862 1617 reprehensionem
893 1554 1143 1598 incurrere
1176 1555 1297 1600 mihi
1329 1557 1575 1606 videretur
1606 1569 1748 1624 atque

153 1654 228 1705 is,
258 1649 343 1709 qui
375 1642 603 1700 medici&
640 1654 816 1684 nomen
836 1639 939 1684 ‘sibi
963 1656 1159 1686 sumens
1191 1642 1470 1689 morborum
1498 1647 1752 1693 scientiam

156 1751 327 1782 curare
378 1729 558 1786 nolle-t,
598 1736 688 1771 -aut
730 1726 809 1786 qui
853 1721 1236 1773 adolescentium
1278 1730 1466 1775 animos
1501 1736 1757 1780 conaretur

156 1822 216 1867 ad
257 1820 453 1878 frugem
487 1815 666 1860 bonam
712 1810 956 1873 applicare
1004 1814 1293 1875 virtutisque
1328 1831 1477 1861 sensu
1515 1817 1755 1878 imbuere,

156 1908 390 1953 vitiorum
434 1896 600 1947 indole
648 1909 699 1945 et
739 1906 912 1944 natura
946 1914 1041 1942 non
1074 1901 1387 1962 investigata.
1442 1886 1563 1948 *Duo
1592 1913 1754 1951 autem

160 1993 402 2056 imprimis
419 1991 548 2044 sunt,
567 2001 690 2050 quae
707 2001 791 2031 cur
804 1985 873 2030 ita
894 1985 1116 2041 sentiam,
1139 2002 1215 2032 me
1233 1987 1507 2049 impellunt:
1525 1978 1754 2052 ¹primum,

266 2167 308 2215 ’¹‘)
334 2167 434 2204 Vide
478 2168 620 2203 Murci.
661 2164 771 2202 Varr.
811 2166 915 2201 lectt.
954 2164 1046 2208 XV,
1095 2162 1157 2199 16.
1212 2162 1313 2207 „Ad‘
1351 2163 1580 2202 medicinam
1625 2167 1761 2204 melius

163 2236 202 2269 et
228 2230 370 2268 certius
399 2228 647 2266 factitandam
674 2239 751 2264 non
781 2225 1028 2267 mediocriter
1054 2224 1146 2261 utile
1175 2227 1252 2269 est,
1293 2223 1416 2271 scire,
1468 2227 1604 2275 quibus
1626 2228 1667 2266 in
1697 2240 1763 2266 re—

162 2297 236 2333 bus
260 2294 294 2330 is
311 2321 320 2339 ,
350 2292 416 2340 qui
439 2294 640 2336 aegrotat,
676 2301 841 2336 peccare
882 2288 1016 2325 solitus
1045 2288 1119 2325 sit:
1149 2301 1222 2336 quo
1253 2294 1291 2326 et
1319 2301 1435 2328 causa
1461 2289 1586 2327 morbi
1611 2290 1761 2329 facilius

162 2353 401 2403 reperiatur,
429 2356 468 2389 et
493 2352 542 2388 ad
572 2362 658 2388 eam
689 2349 869 2394 medendi
901 2349 999 2385 ratio
1020 2350 1343 2389 adcommodetur.
1402 2348 1546 2390 Sic-et
1588 2351 1659 2399 iis,
1697 2352 1763 2401 qui

167 2428 211 2454 se
236 2414 464 2463 scriptorum
489 2418 663 2453 veterum
692 2411 801 2462 quasi
826 2412 1001 2450 medicos
1028 2413 1212 2461 quosdam
1246 2426 1340 2463 ,esse
1365 2416 1614 2464 profitentur,
1651 2427 1764 2453 nosse

164 2477 347 2530 expedit,
384 2476 520 2525 quibus
539 2476 780 2525 potissimum
818 2474 944 2512 modis
983 2479 1136 2512 veteres
1169 2475 1315 2524 librarii
1346 2489 1511 2525 peccare
1542 2476 1646 2514 soliti
1675 2477 1762 2514 sint.

162 2541 269 2578 Inter
288 2544 424 2577 cetera
451 2537 571 2586 igitur
594 2531 687 2576 sane
711 2538 832 2575 multa
869 2547 1013 2584 genera
1040 2536 1354 2586 depravationum
1393 2538 1646 2578 animadverti
1672 2538 1766 2577 soli-

161 2598 223 2641 tds
250 2614 338 2648 eoS,
371 2601 406 2638 si
437 2600 588 2650 quando
611 2598 834 2639 vetustioris
861 2598 970 2645 lib2i,
1002 2610 1054 2636 ex
1079 2611 1158 2648 quo
1183 2600 1327 2649 aliquid
1353 2602 1632 2648 describebant,
1670 2600 1767 2640 scri-

162 2667 315 2711 pturam
344 2661 436 2698 satis
462 2666 566 2697 certo
600 2672 646 2696 ae
670 2661 815 2709 liquido
841 2660 1064 2710 perspicere
1101 2673 1178 2698 non
1212 2666 1414 2710 poterant,
1455 2663 1766 2713 dubitabantque,

163 2724 240 2763 hoc
266 2737 314 2761 an
341 2723 409 2761 illo
438 2723 554 2761 modo
582 2721 763 2771 scriptum
794 2722 916 2770 foret,
955 2726 1022 2760 aut
1062 2722 1095 2760 si
1135 2724 1286 2771 qu‘ando
1317 2724 1422 2762 aliud
1448 2725 1489 2762 in
1518 2723 1768 2776 aliisexem-

159 2786 334 2836 pluribus
357 2785 545 2833 scriptum
579 2784 857 2832 ieperiebant,
896 2789 1098 2833 utrumque
1134 2795 1304 2833 ponere,
1340 2784 1386 2824 ”et
1410 2788 1596 2823 lectorum
1625 2774 1768 2823 iudicio

165 2836 416 2899 permittere,
450 2851 579 2886 utrum
609 2845 737 2886 verius
763 2846 970 2886 videretur.
1026 2846 1086 2884 Eo
1115 2842 1230 2885 modo
1251 2847 1318 2887 vix
1347 2846 1533 2886 credibile
1564 2851 1633 2900 est,
1655 2860 1769 2897 quam

162 2910 285 2948 multa
313 2908 354 2946 in
379 2910 533 2958 optimis
564 2916 603 2950 et
630 2909 877 2947 nobilissimis
914 2909 1128 2958 quibusque
1168 2908 1416 2959 scriptoribus
1440 2908 1629 2951 maculata
1652 2908 1769 2948 sint-‘⁶

163 2970 354 3009 Conferas
393 2984 493 3021 quae
532 2975 578 3013 G.
604 2975 845 3013 Hem-mannus
883 2971 1045 3010 facetius
1083 2970 1265 3011 disseruit
1300 2971 1342 3009 in
1372 2970 1565 3033 Opu'scul.>
1591 2972 1674 3013 Vol.
1702 2973 1766 3012 lv.

166 3044 204 3082 p.
235 3034 323 3072 206.
354 3033 444 3072 207.
