1959 3316
963 184 1021 228 18

322 335 559 397 Ingentes
580 321 834 399 'trepidare
862 330 1021 386 Titos,
1055 341 1165 378 cum
1194 319 1408 380 carmine
1427 317 1644 387 lumbum
1682 328 1799 394 [20]

325 461 533 517 Intrant,
562 468 612 504 et
645 457 855 503 tremulo
887 455 1171 518 scalpuntur
1202 455 1290 500 ubi
1319 456 1496 501 intima
1519 423 1680 502 versui
1739 457 1801 505 35

330 583 471 641 Tun’‚
502 580 702 640 uetule‚'
725 579 960 628 auriculis
991 579 1169 628 alienis
1204 579 1402 643 colligis
1434 584 1607 630 escas?

326 703 596 762 Auriculis‚
622 702 799 766 quibus
834 715 884 752 et
917 705 1050 751 dicas
1079 713 1188 752 cute
1208 694 1466 769 perditus,
1496 706 1613 754 ohe!

329 828 460 885 Quid
505 829 764 888 didicisse,
808 828 905 874 nisi
951 822 1043 873 hoc
1081 827 1401 898 fermentum,
1443 841 1504 879 ‚et
1559 845 1679 895 quae

746 953 901 1003 semel
940 955 1070 1002 intus

305 1183 341 1207 v.
373 1169 435 1207 34.
491 1181 572 1207 cum
598 1173 763 1220 carmine
791 1171 837 1209 P.
895 1175 993 1217 tytos
1018 1170 1066 1209 Q.
1114 1171 1204 1206 titos
1230 1180 1313 1206 eum
1338 1168 1386 1204 R.
1413 1172 1455 1204 nt
1493 1171 1533 1205 in
1556 1170 1648 1206 tima
1669 1169 1717 1207 K.
1748 1166 1805 1205 'ut

201 1270 323 1308 intim.
355 1269 402 1306 R.
433 1266 486 1305 Δ.
514 1274 582 1306 aut
609 1271 747 1307 incima
781 1269 830 1307 G.
857 1270 977 1319 scalp.
1000 1271 1134 1308 intima
1160 1268 1253 1318 (del.
1281 1265 1362 1316 ubi)
1394 1267 1442 1304 Ο.
1472 1272 1596 1304 tenero
1620 1267 1739 1315 scalp.
1760 1265 1804 1302 P.

307 1380 345 1405 v.
373 1368 436 1405 36.
478 1367 576 1403 <Tim
600 1368 721 1404 vetule
748 1368 796 1407 Q.
824 1366 872 1404 X.
913 1381 950 1405 α.
990 1369 1039 1406 Ο.
1066 1369 1111 1406 Ρ.
1143 1367 1190 1405 A.
1231 1367 1279 1404 R.
1310 1365 1358 1403 F.
1396 1370 1474 1403 tum
1502 1361 1650 1403 uetaeaae
1675 1364 1723 1401 K.
1752 1361 1803 1400 A.

205 1478 242 1513 γ.
297 1463 407 1503 tum?
447 1470 522 1502 uet-
564 1477 600 1513 ρ.
659 1471 727 1502 tim
763 1467 911 1503 uendite
946 1466 997 1503 N.
1037 1466 1086 1503 G.
1127 1473 1174 1503 R.
1212 1471 1253 1504 Ξ.
1316 1472 1402 1503 tmw
1426 1470 1500 1503 vet.
1527 1465 1575 1524 Τ.
1629 1475 1734 1501 escas
1764 1464 1804 1499 S.

204 1565 254 1602 D.
284 1564 331 1602 E.
363 1564 411 1602 K.
441 1574 478 1613 ρ.
506 1569 551 1602 δι.
610 1574 736 1602 escas:
763 1564 822 1609 Η.
851 1564 899 1602 Ο.
934 1565 1006 1602 .Ῡ.
1035 1564 1085 1603 Δ.
1135 1531 1280 1603 Ιαεεοιιε.
1301 1571 1342 1605 :.-
1400 1560 1562 1602 aescas?
1592 1563 1638 1603 V.
1695 1574 1803 1601 esca:

206 1663 254 1701 R.
291 1665 361 1702 rel.
388 1660 527 1701 escas?

309 1776 349 1803 v·
376 1762 438 1801 37.
490 1760 702 1801 amiculis?
724 1763 775 1802 H.
828 1763 1007 1804 ainricolis
1032 1764 1081 1803 A.
1121 1764 1165 1802 V.
1193 1762 1498 1813 (inconstanter).

255 1877 326 1913 per
353 1865 458 1901 ditus
485 1859 579 1899 che?
605 1862 657 1899 Y.

312 1986 348 2012 v.
383 1973 448 2011 38.
482 1971 581 2018 Quid
612 1958 789 2009 didicisse
816 1968 951 2009 iiovat?
983 1972 1058 2009 nisi
1073 1969 1120 2010 V.
1150 1968 1220 2019 (ex
1250 1972 1378 2019 glossa
1404 1969 1451 2009 of.
1480 1969 1577 2009 Cod.
1597 1971 1684 2009 Par.
1710 1970 1808 2020 Reg.

206 2075 343 2122 8072).
390 2074 470 2119 Quo
497 2072 674 2111 didicisse
702 2071 752 2108 Y.
817 2072 915 2116 Quid
929 2073 1110 2110 dedicisse
1132 2083 1169 2109 α.
1237 2072 1336 2118 Quid
1362 2069 1571 2110 didicisse?
1609 2070 1658 2109 N.
1690 2072 1739 2109 G.
1759 2072 1806 2109 E.

206 2176 254 2213 F.
282 2175 333 2213 H.
364 2175 404 2213 S.
434 2174 486 2211 K.
533 2173 619 2224 Rel.
648 2173 738 2222 qm'd
768 2172 946 2210 didicisse
975 2176 1042 2208 aut
1068 2182 1104 2219 q.
1128 2170 1305 2208 didicisse
1328 2194 1348 2200 —
1372 2178 1462 2210 aut:
1489 2169 1650 2208 Plurimi
1683 2170 1807 2208 Codd.

204 2276 282 2320 leg.
326 2273 416 2321 quid
456 2273 633 2309 didicisse
667 2270 765 2308 Cod.
804 2269 917 2306 Bodl.
954 2267 1022 2304 ille
1057 2268 1223 2314 glossam
1258 2268 1440 2315 praebet:
1480 2278 1561 2314 „ac
1591 2267 1626 2305 si
1663 2268 1809 2307 diceret

208 2382 285 2418 qua
310 2378 441 2405 causa.
483 2365 533 2403 ad
568 2366 717 2415 quod.·'‘
754 2366 883 2415 quod
917 2364 995 2401 did.
1036 2375 1132 2401 cum-
1148 2364 1284 2404 eadem
1329 2364 1458 2412 glossa
1505 2364 1671 2404 offerunt
1710 2366 1808 2405 Cod.
1846 2404 1850 2407 ,

210 2467 324 2516 Corp.
362 2464 506 2504 Christi
547 2464 649 2504 Coll.
679 2464 806 2503 Oxon.
847 2468 887 2503 et
928 2464 1016 2503 Par.-
1046 2465 1143 2513 Reg.
1170 2462 1300 2508 80495
1335 2475 1421 2502 cum
1449 2465 1593 2512 glossa:
1622 2467 1672 2505 ad
1701 2467 1807 2516 quid.

209 2568 299 2605 Par.
330 2567 428 2614 Reg.
455 2563 581 2612 8048,
625 2567 665 2602 et
704 2564 850 2613 absque
888 2565 941 2612 gl.
977 2565 1067 2602 Par.
1094 2565 1191 2613 Reg.
1216 2566 1332 2605 8272.
1362 2576 1458 2614 quo
1490 2565 1568 2604 did.
1594 2566 1684 2605 Par.
1711 2567 1811 2616 Reg.

206 2665 321 2705 6487.
378 2663 483 2704 Quid
513 2662 547 2700 si
583 2664 735 2710 legeres
768 2663 832 2712 qut
867 2663 894 2701 i.
933 2675 968 2701 e.
1008 2675 1094 2711 cur,
1134 2674 1253 2712 quare
1264 2691 1275 2711 ,
1328 2662 1470 2713 quippe
1508 2653 1640 2701 natum
1674 2667 1812 2712 putans

208 2766 297 2813 qnid
331 2767 398 2801 aut
444 2774 495 2800 ex
534 2763 663 2810 glossa
700 2767 766 2801 aut
800 2776 851 2802 ex
899 2763 1025 2813 prima
1059 2761 1116 2800 lit.
1154 2763 1260 2802 vocis
1289 2763 1472 2814 subseq.?
1515 2762 1612 2801 conf.
1641 2765 1715 2812 111,-
1744 2766 1809 2809 60,
1875 2753 1878 2756 ⁴

211 2862 271 2911 (et
308 2863 348 2900 in
391 2874 467 2912 quo
485 2862 543 2900 -d
557 2885 578 2891 -
592 2862 734 2913 dix-ig).
796 2864 942 2902 Vocem
968 2873 1038 2911 quo
1085 2864 1174 2901 ante
1213 2864 1348 2914 diriyis
1394 2863 1435 2901 in
1476 2853 1648 2912 plufiinis
1684 2863 1808 2904 codd.

207 2964 302 3002 Mss.
346 2966 384 3000 et
421 2964 529 3003 editt.
573 2965 666 3002 vett.
713 2960 866 3001 obviam
917 2962 1098 3013 equidem
1137 2962 1290 3004 vindico
1336 2964 1409 3001 hac
1451 2963 1691 3006 couieotura:
1743 2966 1813 3003 Est

204 3066 350 3116 aliquid
400 3085 452 3095 -—
505 3078 575 3114 qno
604 3066 727 3103 iendis
743 3094 756 3113 ,
794 3071 829 3103 et
872 3078 948 3113 en,
1000 3078 1072 3115 quo
1105 3069 1237 3117 dirigis
1281 3064 1446 3105 arcum?
1500 3066 1547 3105 cf.
1581 3066 1701 3113 Virgu
1730 3065 1801 3102 ecl.
