1959 3316
917 152 972 194 21

286 272 507 319 Laudant
542 275 798 332 convivae:
834 304 889 309 --
926 273 1068 321 Nunc
1104 291 1201 320 non
1236 292 1260 319 e
1294 277 1517 324 manibus
1544 278 1665 337 illis,

274 396 416 443 Nunc
453 415 607 445 none
643 398 826 446 tumulo
863 400 1209 461 fortunataque
1240 398 1415 444 sav-illa

270 522 546 572 Nascentur
580 527 740 573 violae
761 529 771 572 !
792 554 847 562 —-
877 525 1044 583 Rides,
1077 527 1162 583 ait,
1181 534 1229 570 et
1252 522 1398 569 nimis
1425 520 1563 566 uncis
1622 519 1745 584 [40]

266 648 481 695 Naribus
510 648 754 710 indulges.
816 649 897 695 An
931 651 1025 694 erit
1062 647 1303 710 qui·velle
1337 656 1535 694 recuset
1688 648 1746 691 55

267 773 339 820 Os
375 733 545 836 liopuli
579 772 847 832 meruisse.
887 784 965 833 et,
1007 775 1149 821 cedro
1180 773 1328 835 'digna
1362 773 1573 833 locutus,

262 900 508 963 Linquere
565 915 652 945 nec
691 868 941 945 scotnbros
996 900 1267 944 metuentia
1338 901 1575 952 carmina,

703 1037 791 1067 nec
828 1024 968 1069 thus?
1000 1053 1056 1058 —-

267 1147 499 1210 Quisquis
533 1163 607 1204 es,
634 1163 661 1191 o
685 1148 826 1201 mod9
850 1165 993 1210 quem
1017 1166 1085 1194 ex
1108 1148 1312 1193 adverso
1342 1146 1502 1193 dicere
1533 1149 1648 1208 feci,

261 1273 374 1320 Non
396 1290 455 1319 eo
480 1288 588 1318 cum
610 1269 789 1328 seribO,
818 1272 861 1316 si
882 1271 1008 1317 forte
1034 1272 1147 1334 quid
1170 1273 1330 1332 aptius
1359 1273 1554 1329 exit‚—
1618 1273 1735 1338 [45]

259 1397 464 1454 Quando
510 1397 628 1443 haec
669 1414 777 1443 rara
823 1399 927 1444 avis
968 1407 1066 1454 est,
1106 1426 1161 1431 —
1211 1396 1253 1441 si
1293 1394 1406 1455 quid
1443 1404 1604 1444 ¹tamen

692 1524 852 1586 aptius
877 1525 1010 1581 exit,
1673 1528 1735 1568 00

127 1741 176 1778 Ν.
205 1739 256 1776 Y.
295 1748 391 1774 nunc
427 1737 546 1774 lenior
574 1736 617 1773 Ρ.
662 1737 730 1773 rel.
773 1749 847 1775 ozon
880 1738 962 1786 Jew.
1001 1737 1123 1785 foelix·
1146 1748 1222 1776 nt:
1251 1734 1399 1786 (erasa)
1429 1738 1462 1777 I.
1517 1751 1591 1777 uon
1623 1740 1734 1789 impr.

127 1839 172 1876 Β.
205 1837 250 1875 V.
280 1837 326 1873 L.
357 1836 426 1872 rel.
451 1847 546 1871 mom
573 1837 662 1883 imp.
692 1846 782 1871 ossa
812 1835 861 1873 G.
891 1836 938 1872 Ο.

229 1948 266 1975 v.
293 1933 355 1973 52.
411 1947 498 1971 mom
523 1946 619 1971 nanc
653 1946 672 1971 e
698 1947 798 1971 man.
829 1934 875 1972 A.
904 1948 1000 1974 nwnc
1029 1947 1124 1974 nunc
1150 1948 1169 1973 e
1198 1947 1297 1973 num.
1318 1936 1361 1974 P.
1386 1936 1435 1975 N.
1465 1937 1516 1975 Y.
1544 1950 1631 1976 num
1662 1951 1736 1976 mm

128 2037 175 2075 Β.
210 2035 255 2075 V.
280 2036 348 2073 rel.
377 2046 474 2072 nunc
499 2046 585 2072 uon.

230 2147 267 2173 v.
295 2133 360 2174 53.
419 2133 522 2170 Num
540 2144 615 2170 non
640 2133 687 2170 B.
715 2133 761 2172 V.
788 2134 898 2173 Numc
930 2146 1025 2172 mmo
1057 2147 1077 2173 e
1101 2138 1243 2174 tumulo
1270 2138 1316 2174 P.
1345 2137 1395 2175 N.
1424 2138 1474 2176 Y.
1502 2140 1613 2176 anc
1639 2150 1734 2176 nuuc

129 2241 185 2274 est
208 2236 359 2273 tzmmlo.
387 2233 434 2272 A.
472 2234 541 2271 rel.
575 2245 670 2270 nunc
700 2246 785 2273 non.

229 2346 266 2373 v.
305 2332 368 2371 54.
406 2335 554 2370 uiolae:
600 2335 650 2372 N.
692 2336 740 2373 G.
782 2338 829 2375 R.
868 2337 915 2375 Ο.
949 2344 992 2380 Β.
1030 2343 1066 2377 2.
1099 2338 1144 2375 C.
1174 2338 1226 2375 Y.
1255 2339 1311 2375 ait
1340 2338 1452 2375 nimis
1478 2335 1573 2385 (del.
1601 2336 1654 2385 et)
1681 2337 1730 2374 D.

144 2386 180 2399 Q.

177 2431 355 2468 narr-ibus
379 2435 418 2467 2.
449 2431 651 2480 indulges?
679 2435 728 2472 F.
755 2436 805 2475 Ε.
836 2436 887 2473 Η.
916 2436 957 2472 S.
996 2439 1139 2473 racusit
1171 2437 1218 2473 K.

179 2527 385 2569 meruisse?
412 2531 459 2571 V.
488 2531 539 2570 Y.
566 2532 616 2570 H.
642 2536 674 2571 Ι.
719 2535 859 2583 liquere
885 2548 924 2571 α.
953 2536 992 2584 β.
1024 2548 1060 2584 y.
1102 2530 1323 2583 Linquere?
1350 2532 1399 2570 N.
1435 2533 1485 2572 G.
1518 2533 1565 2571 R.
1593 2533 1641 2570 K.
1670 2533 1729 2582 Μ,

125 2632 154 2670 1.
183 2639 221 2670 Ν.
251 2629 305 2672 Δ.
333 2630 491 2669 scumbr.
517 2631 572 2671 M.
602 2645 638 2683 ρ.
691 2640 751 2673 tus
779 2634 829 2673 A.
858 2636 906 2675 K.
940 2637 987 2675 Ο.
1041 2633 1131 2675 tas?
1158 2636 1204 2674 P.
1245 2635 1302 2675 M.
1347 2635 1398 2675 Q.
1440 2634 1489 2671 X.
1527 2634 1576 2671 T.
1613 2641 1657 2671 κ.
1688 2646 1727 2675 α.

130 2733 225 2772 thus.
252 2734 302 2772 N.
329 2733 374 2772 C.
414 2733 464 2771 G.
505 2730 549 2769 L.
589 2744 625 2786 ρ.
656 2739 694 2782 22.
753 2737 838 2775 thus
867 2738 915 2776 R.
941 2737 992 2774 Y.
1044 2734 1151 2784 feci?
1178 2737 1223 2773 L.
1281 2747 1321 2773 es
1350 2735 1460 2774 modo
1484 2733 1582 2784 (del.
1609 2733 1653 2782 ο)
1679 2734 1729 2772 Κ.

179 2833 332 2880 siquid
356 2832 455 2881 forte
488 2833 538 2872 Y.
594 2835 695 2883 forte
720 2849 754 2887 q.
775 2850 812 2875 a.
842 2839 911 2875 erit
935 2836 991 2874 M.
1019 2837 1071 2875 0.
1133 2838 1254 2878 scribo
1287 2837 1345 2885 (si
1370 2838 1399 2886 f.
1427 2849 1460 2886 q.
1489 2849 1526 2873 ιι.
1556 2834 1653 2882 exit)
1677 2833 1730 2875 A.

133 2932 246 2975 aptus
271 2933 351 2968 exit
376 2946 412 2970 α.
441 2937 480 2983 β.
539 2934 707 2984 (quando
739 2938 774 2975 Ῑι.
810 2950 842 2975 r.
874 2951 911 2977 a.
942 2936 1016 2987 est)
1045 2938 1086 2978 V.
1113 2939 1161 2984 13.
1190 2939 1235 2976 L.
1295 2938 1416 2981 actius
1446 2938 1527 2977 exit
1556 2936 1601 2975 P.
1619 2933 1727 2983 (bis).

135 3027 270 3075 appetas
295 3026 341 3065 A.
392 3034 428 3068 si
457 3034 546 3083 quid
571 3041 646 3074 tum
681 3049 717 3074 α.
743 3038 781 3087 β.
811 3050 849 3094 y.
