1959 3316
890 214 1020 245 xvul

156 334 393 402 nomini&
445 347 558 407 alii,
604 355 653 396 et
695 350 787 412 ipsi
828 346 1063 403 editores,
1106 348 1505 400 commentatoris
1530 350 1761 419 no‘inen*)

160 447 265 478 cum
297 431 407 480 loco
440 435 771 502 impressionis
802 436 1092 499 permutant,
1149 436 1236 484 alii
1278 439 1484 505 denique
1511 440 1666 491 multa
1701 442 1760 491 de

158 517 390 566 editionis
412 524 679 585 cuiuspiam
701 525 830 583 typis
842 521 1025 567 insulsa
1035 522 1316 583 prolixitate
1342 527 1687 587 garrulant*‘).
1702 557 1758 564 —

139 661 141 663 ,
222 612 225 618 ’
291 606 478 656 Cuncta
504 609 632 656 ⁴haee
664 608 874 670 praefari
909 608 987 657 hic
1020 627 1116 658 non
1145 611 1231 660 abs
1258 629 1310 660 re
1345 612 1555 662 alienum
1584 614 1750 672 habui,

161 703 217 740 ut
242 694 386 740 >adeo
431 692 541 741 Viri
587 694 720 744 docti
764 695 1027 761 idoneique
1052 697 1229 747 'harum
1262 716 1420 749 rerum
1452 700 1618 750 arbitri
1651 717 1758 764 per-

162 784 422 844 spicer-erit,
457 784 570 845 q'uid
606 800 697 845 ego
733 784 972 830 voluerim
1004 796 1148 850 atque
1182 790 1364 850 egerim
1397 799 1445 836 et
1473 807 1556 838 cur
1586 791 1653 836 ita
1677 804 1756 836 vo-

159 868 331 917 luerim
359 879 504 933 atque
533 871 731 933 egerim.
772 869 1011 933 Proposui
1044 872 1236 934 quidem
1265 891 1357 935 ego
1386 877 1756 939 discrepantiam

156 955 422 1005 editionum
456 957 895 1020 antiquissimarum
927 958 1113 1017 Persii,
1158 976 1255 1006 non
1300 959 1523 1009 dubitans
1569 968 1755 1025 gratain

155 1062 263 1092 eam
295 1047 401 1092 fore
435 1045 697 1109 philologis
730 1042 990 1108 Nosti-ique
1024 1048 1330 1095 amatoribus.
1403 1049 1469 1097 At
1519 1052 1645 1097 enim
1682 1058 1754 1097 est

154 1135 534 1194 nuperriine²**)
567 1135 662 1195 qni,
697 1132 811 1179 licet
839 1134 1000 1194 potius
1033 1135 1272 1184 editiones
1306 1137 1485 1184 saeculi
1506 1135 1645 1185 XVI.
1681 1139 1752 1185 in-

152 1370 206 1407 le'n
237 1381 336 1419 quae
378 1372 537 1410 multum
576 1372 704 1412 adhuc
738 1374 996 1422 verecundiae
1035 1375 1216 1426 antiquae
1258 1379 1297 1414 et
1331 1372 1561 1425 frugalitatis
1605 1373 1747 1417 retinet

147 1444 192 1471 ac
212 1435 382 1473 serrat-⁶

198 1492 201 1499 ¹
246 1494 287 1543 *)
318 1497 385 1534 Sic
413 1497 672 1547 Achainrrsus,
706 1499 878 1540 Gallicus
905 1501 1054 1550 editor,
1097 1501 1306 1539 editionem
1343 1502 1534 1549 Scipionis
1570 1492 1746 1537 Ferrarii

143 1570 181 1607 p.
211 1556 389 1603 XXVIII.
414 1560 624 1600 editionem
634 1561 910 1601 Ferrarensem
940 1566 1125 1601 autumat.
1159 1563 1212 1601 At
1235 1562 1344 1610 liber,
1374 1567 1417 1601 ut
1443 1562 1527 1611 ipse
1553 1561 1680 1600 editor
1705 1566 1744 1601 et

141 1621 353 1671 interpres,
378 1623 551 1661 Venetus
577 1628 656 1670 est,
683 1624 724 1661 id
751 1626 854 1673 quod
881 1638 931 1664 ex
958 1625 1152 1674 epistolis,
1180 1636 1280 1675 quae
1305 1625 1455 1669 insunt,
1488 1623 1581 1665 satis
1606 1635 1743 1673 super-

143 1695 220 1734 que
249 1686 370 1734 patet.
393 1683 483 1724 vide
508 1683 576 1722 inf.
607 1685 668 1724 ed.
698 1685 746 1724 Ο.

192 1745 261 1797 **)
289 1748 377 1786 Hoc
398 1760 448 1786 ne
475 1751 587 1797 putes
610 1748 851 1798 arrogantius
867 1749 1009 1789 dictum
1024 1749 1073 1788 de
1099 1749 1159 1798 iis,
1188 1760 1287 1799 quae
1311 1747 1352 1786 in
1369 1748 1429 1788 ed.
1450 1747 1560 1787 Feae
1586 1747 1741 1797 (Bothe.

145 1812 232 1852 Vol.
263 1812 296 1850 Ι.
326 1825 370 1863 p.
395 1811 696 1862 Xle-—LILJ
733 1813 897 1859 disserta
941 1817 1030 1863 sunt
1068 1813 1118 1852 de
1155 1811 1324 1851 editione
1355 1810 1424 1849 illa
1460 1810 1742 1849 Mediolanensi

143 1875 279 1925 prima.
332 1876 444 1915 Quae
469 1873 510 1911 in
534 1874 748 1914 Annalibus
773 1875 898 1913 Iahnii
924 1889 961 1925 p.
988 1874 1187 1915 451-53
1221 1879 1299 1913 not.
1325 1876 1361 1913 3.
1399 1873 1546 1921 obieci,
1573 1877 1616 1911 ut
1641 1872 1741 1912 vali—

143 1939 204 1978 dis
225 1935 456 1979 testimoniis
480 1936 750 1984 Van-Prae'tii,
771 1933 949 1974 Dibdinii
973 1941 1013 1975 et
1035 1932 1206 1984 Heberi,
1234 1935 1463 1973 arbitrorum
1486 1934 1741 1984 locupletissi-

140 2013 311 2048 morum,
336 1998 583 2048 quibuscum,
611 1998 731 2043 libros
757 2010 871 2036 manu
897 2002 1053 2045 tenens,
1078 1997 1306 2036 sententiam
1331 2009 1457 2035 meam
1480 1997 1740 2035 communica-

141 2064 254 2111 bam,
300 2060 437 2100 studiis
470 2059 655 2097 Romanis
692 2064 780 2098 sunt
816 2061 1049 2102 confirmata.
1110 2059 1242 2098 Primo
1277 2059 1461 2109 adspectu
1498 2071 1606 2097 error
1631 2059 1739 2107 Feae

138 2124 235 2163 mihi
262 2123 453 2177 apparuit,
473 2133 562 2161 nam
591 2123 808 2171 exemplum
824 2122 1091 2162 Corsiniannm
1117 2124 1254 2161 eadem
1280 2126 1338 2161 est
1366 2122 1485 2161 editio
1514 2120 1593 2169 illa,
1624 2133 1738 2170 quam

136 2186 327 2236 prolixius
353 2184 567 2234 descripsit.
622 2183 734 2222 Conf.
762 2184 889 2223 Maitt.
928 2198 965 2235 p.
997 2186 1087 2226 767.
1139 2185 1213 2223 'De
1238 2184 1355 2224 Bure.
1381 2184 1413 2230 1,
1438 2186 1526 2221 312.
1578 2183 1736 2233 Brunet.

132 2249 181 2301 11,
207 2250 272 2291 22.
310 2247 410 2295 Bibl.
436 2248 579 2299 Spenc.
609 2246 658 2296 II,
686 2245 750 2295 66.
800 2246 1015 2296 Mitscherl.
1043 2247 1072 2287 Ι.
1089 2260 1137 2297 Ρ.
1155 2246 1236 2286 LV.
1287 2245 1421 2285 Ebert.
1446 2245 1637 2295 n.10119-
1675 2246 1739 2284 De

128 2316 223 2351 vett.
250 2311 568 2359 impressionibus
591 2309 758 2355 Horatii,
788 2321 894 2357 quas,
925 2321 1155 2358 quamquam
1179 2308 1429 2357 plurimarum
1452 2308 1640 2346 lectiones
1664 2320 1735 2358 ap-

124 2375 283 2424 paratus
307 2370 639 2421 Babingtonianus
666 2368 761 2408 mihi
780 2368 990 2419 offerebat,
1015 2369 1233 2419 religiosius
1257 2374 1387 2409 tamen
1410 2370 1452 2410 in
1481 2369 1609 2411 Gallia
1634 2372 1674 2409 et
1694 2360 1735 2407 in

123 2434 268 2487 Anglia
292 2433 342 2471 ad
370 2433 531 2478 verbum
563 2432 726 2478 contuli,
758 2444 827 2470 suo
855 2437 1029 2482 tempore
1057 2435 1219 2481 locoque
1246 2433 1388 2475 dicam.

193 2490 195 2492 ’
226 2493 316 2543 *''‘*)
347 2494 496 2533 Censor
522 2493 591 2533 ille
614 2493 791 2541 sagacior
811 2494 853 2533 in
868 2495 964 2533 diar-
982 2494 1160 2535 scholast.
1176 2491 1286 2539 1833.
1313 2493 1498 2547 m.April.
1527 2492 1563 2532 4.
1590 2489 1729 2543 >1131?-

122 2558 178 2599 ita
202 2556 371 2597 iudicat:
417 2556 462 2607 je
496 2557 599 2597 mehr
633 2556 725 2597 aber
761 2558 829 2596 der
863 2558 1123 2607 Herausyeber
1150 2558 1226 2606 aas
1249 2559 1311 2596 die
1343 2553 1616 2596 Stimmenz'ahl
1642 2555 1732 2605 (der

120 2618 439 2667 Handschstften)
469 2619 577 2666 sz’eht,
604 2620 710 2656 desto
735 2620 885 2657 leichter
911 2622 1010 2658 wira
1036 2633 1079 2659 er
1096 2621 1212 2658 durch
1236 2623 1296 2658 ein
1321 2620 1528 2670 verjiihrtes
1557 2617 1728 2657 Glossem

120 2683 202 2721 irre
218 2682 370 2730 yeleitet
383 2709 397 2728 ,
446 2681 523 2717 und
557 2681 716 2718 rechnen
757 2683 830 2724 wir
856 2683 959 2720 daza
985 2683 1047 2720 die
1073 2684 1181 2728 leicht
1207 2683 1424 2722 erkliirliche
1452 2679 1597 2732 Gefohr
1628 2683 1730 2719 einer

123 2745 339 2792 einseitiyen
372 2742 542 2793 Vorliebe
572 2743 638 2791 fiir
667 2743 1005 2792 selbstverylidaeeue
1032 2746 1349 2794 Handschrz‘sten,
1379 2758 1422 2783 so
1458 2744 1624 2783 mochum
1659 2744 1732 2780 wir

121 2808 183 2845 dle
205 2806 454 2855 Verntehrany
481 2806 548 2844 des
574 2806 927 2854 handschriftlichmt
942 2809 1175 2858 Apparates,
1200 2820 1244 2848 so
1261 2807 1541 2849 dankmeswerth
1563 2807 1620 2844 sie
1638 2802 1731 2843 auch

123 2882 175 2906 an
201 2870 281 2906 sich
313 2871 364 2906 ist
396 2868 515 2917 (sic),
569 2870 663 2906 doch
701 2869 790 2907 eben
824 2871 923 2907 nicht
955 2883 1006 2908 zu
1039 2872 1110 2909 den
1136 2872 1391 2909 wesmztlichen
1418 2869 1730 2918 Erfordernissen

126 2932 204 2969 nand
247 2931 489 2969 Verdz'eusten
523 2934 624 2971 eines
665 2944 782 2971 neuen
817 2934 1097 2982 Hermusyebers
1139 2935 1205 2972 cles
1243 2936 1395 2973 Persius
1437 2931 1605 2970 rechnen.
1658 2933 1730 2969 Bet·

129 2995 275 3031 weitem
305 2993 474 3041 nothiyer
503 2995 616 3032 dilui-e
646 3008 717 3033 icus
743 2995 891 3036 sehon
915 2999 969 3034 in
1008 2997 1304 3036 kritischer
1338 2994 1581 3034 Hinsicht
1609 2992 1729 3043 (sio?)

136 3058 216 3094 elne
246 3055 509 3106 Veryleichemy
538 3060 605 3095 der
630 3060 771 3097 iiltcren
797 3061 1019 3108 Edc'tionen,
1070 3060 1129 3097 die
1161 3060 1259 3097 nicht
1282 3071 1355 3096 itur
1381 3057 1534 3096 manche
1557 3059 1642 3096 sehr
1671 3057 1733 3093 lee-
