1959 3316
922 187 1007 229 xix

124 397 130 402 ι
167 341 419 388 tellexisse
464 341 552 387 sub
596 339 788 385 nomine
839 346 990 392 „vein
1023 335 1195 380 editt.“
1239 334 1485 391 videatur,
1518 335 1671 380 maius
1705 335 1765 379 iis

164 431 369 493 pretium
409 428 706 491 adsignauit,
751 439 891 490 quam
923 423 1137 487 ipsorum
1174 417 1329 468 Codd.
1363 418 1577 468 Msswrum
1627 421 1762 469 testi-

166 501 357 563 moniis.
420 512 545 569 Quid
579 530 670 578 ego
706 514 766 561 de
797 513 888 559 hac
921 526 973 557 re
1003 510 1235 565 sentiam,
1270 509 1319 553 in
1353 506 1536 569 aliquot
1560 507 1758 554 adnota-

168 602 383 651 tionibus
430 604 685 651 ostendere
712 610 932 647 -conatus
980 608 1068 645 aut
1098 597 1302 644 liberius
1350 594 1600 659 professus
1626 610 1758 647 sum3

170 700 218 738 at
250 673 363 755 quid
397 696 624 754 praestet,
657 703 709 733 re
742 694 911 749 suapte
945 686 1170 733 corniton
1241 681 1663 747 Quippe-minime
1684 697 1762 730 ca-

170 794 277 827 rere
314 780 456 825 etiam
490 792 614 823 nunc
648 788 901 838 possumus
913 806 933 832 ,
978 774 1049 819 uti
1081 773 1132 817 in
1176 770 1393 824 Horatio,
1423 771 1668 833 (conferas
1700 772 1761 818 Τ.

171 860 499 924 Schmidium,
563 863 728 912 Virum
763 858 898 915 doct.
942 859 1097 921 deque
1138 857 1328 904 Horatii
1374 859 1593 919 epistolis
1636 860 1760 907 bene

162 954 414 1010 meritum,
449 955 529 1017 qui
562 968 700 1000 secus
728 949 909 996 iudicat
941 946 1056 994 Vol.
1087 943 1124 991 I.
1158 944 1309 1006 praef.
1338 962 1386 1007 p.
1416 942 1581 1005 VIII),
1613 948 1681 992 sic
1713 950 1763 994 in

170 1038 363 1096 Persio,
430 1043 661 1104 scriptore
712 1052 899 1101 quoque
952 1034 1054 1083 fere
1094 1032 1296 1082 ¹saeculo
1351 1032 1638 1094 permultum
1691 1036 1762 1083 le-

171 1135 246 1172 cto
300 1136 349 1172 et
397 1138 597 1189 *exarato
658 1137 800 1190 atque
851 1125 986 1172 -inter
1035 1120 1330 1170 difficiliores
1386 1120 1671 1172 difficillimo
1698 1127 1764 1186 ²¹³),

173 1229 279 1261 cum
322 1226 543 1268 accurato
602 1214 819 1263 codicum
868 1211 1296 1260 vetustissimorum
1352 1212 1605 1269 examine,
1665 1222 1766 1261 tum

174 1301 445 1362 glossarum
514 1303 803 1363 cognitione.
920 1299 1063 1356 Quod
1118 1307 1169 1343 ut
1224 1296 1575 1360 quodammodo
1639 1317 1766 1348 com-

169 1382 439 1456 probarem,
471 1390 659 1453 glossas
692 1387 948 1435 nonnullas
974 1401 1041 1433 ex
1076 1393 1192 1433 vett.
1232 1385 1384 1434 Codd.
1436 1388 1556 1434 meis
1587 1389 1765 1451 petitas

173 1475 353 1536 passim
385 1476 616 1542 adposui,
652 1494 740 1523 nec
772 1492 868 1522 non
903 1475 1025 1521 hanc
1059 1473 1120 1521 ob
1154 1490 1279 1532 rem,
1332 1490 1393 1520 ne
1437 1474 1488 1521 in
1519 1476 1763 1539 vitupera-

173 1563 351 1609 tionem
383 1563 676 1610 incurrerem
707 1568 887 1616 eorum,
920 1563 999 1628 qui
1033 1569 1223 1606 tenuem
1255 1558 1563 1624 sterilemque
1593 1562 1763 1610 lectio-

171 1662 284 1693 num
317 1650 603 1696 variantium
632 1645 980 1712 supellectilem
1014 1653 1062 1691 et
1090 1646 1268 1694 victum
1301 1648 1436 1711 quasi
1465 1644 1735 1717 ‘fastidianu

297 1734 555 1784 Editiones
596 1750 728 1784 meas
759 1733 911 1782 literis
944 1735 1176 1798 insignire
1207 1735 1459 1786 brevitatis,
1489 1753 1632 1785 causa
1664 1738 1767 1801 pla-

174 1825 294 1882 cuit,
324 1825 466 1886 prout
511 1840 630 1887 opus
673 1824 777 1872 fuit.
850 1822 947 1870 Vbi
979 1825 1153 1870 maior>
1174 1839 1285 1884 pars
1325 1824 1571 1872 literarum
1601 1838 1768 1875 notata

176 1901 540 1969 te'offenderiss
587 1912 795 1968 (nauseo
831 1907 1015 1956 scilicet
1046 1909 1213 1955 audire
1248 1926 1332 1958 eos
1384 1913 1546 1957 omnia
1590 1910 1765 1959 diiudi-

176 2006 339 2043 cantes
374 1996 599 2055 arbitros,
629 2012 827 2060 quorum
860 1996 1051 2043 unicum
1083 1997 1329 2057 negotium
1353 2005 1426 2042 est
1449 1998 1761 2059 vituperare):

173 2083 302 2141 hinc,
337 2093 385 2131 et
405 2084 516 2132 hinc
530 2080 855 2150 “solummodm
888 2083 1283 2152 precor-[factum
1305 2093 1437 2147 puta,
1474 2085 1619 2148 quod,
1644 2102 1766 2148 quae

173 2171 223 2215 in
249 2171 421 2217 itinere
445 2171 506 2224 ad
519 2170 638 2216 duas
654 2154 874 2216 diversas
886 2169 1122 2216 editiones
1137 2186 1252 2218 casu
1276 2171 1488 2231 quodam
1504 2173 1766 2233 improviso

175 2257 392 2314 conferre
418 2261 619 2307 >coactus
653 2274 807 2314 eram,
843 2259 1019 2310 certius
1052 2267 1245 2310 enotata
1278 2257 1393 2311 dare
1427 2256 1590 2317 malui,
1625 2275 1767 2322 quam

179 2483 482 2524 merkenswerthe
512 2485 694 2524 Varimaete
703 2510 717 2531 ,
761 2482 925 2520 scudem
959 2482 1054 2519 auch
1085 2481 1346 2525 insbesoudere
1375 2483 1459 2520 sich
1490 2483 1586 2521 nach
1612 2484 1771 2523 widhercw-

181 2546 430 2594 Betrachtuny
459 2547 519 2583 als
545 2547 605 2593 die
638 2547 764 2599 Quelle
788 2545 963 2583 mancher
987 2546 1127 2583 Lesart
1154 2547 1320 2594 eutychen,
1351 2545 1412 2582 die
1441 2557 1513 2583 von
1541 2548 1613 2585 deu
1638 2559 1777 2586 neum

183 2606 466 2656 llerausqebern
513 2609 581 2645 mit
619 2607 965 2657 unveryleicldicher
999 2607 1298 2656 Nachliissiykeit
1335 2606 1448 2657 (ergo
1477 2620 1544 2645 eas
1571 2608 1680 2660 adire
1705 2621 1780 2659 po·-

187 2673 311 2709 terant
322 2666 350 2717 l)
375 2670 434 2707 als
460 2670 657 2710 Coniectur
683 2671 784 2723 eines
808 2670 910 2714 ihrer
940 2672 1156 2720 Voryimyer
1192 2673 1260 2712 mit
1290 2673 1433 2713 stolzer
1461 2673 1694 2722 Verachtuny
1727 2672 1785 2711 bei

183 2735 283 2782 Seite
303 2733 492 2783 yeworfmt
517 2734 670 2777 worden
697 2735 761 2774 ist.

284 2794 327 2844 *)
363 2794 473 2834 Conf.
510 2795 558 2843 F,
582 2794 627 2834 C.
657 2796 799 2845 Soalig.
824 2793 999 2844 hyperor.
1042 2794 1197 2844 p.'838.
1242 2793 1363 2842 ,Hinc
1399 2797 1546 2835 nullum
1581 2801 1777 2838 tentamen

182 2871 364 2910 respuere
401 2858 532 2905 decet,
585 2859 689 2906 quod
714 2859 902 2896 tantulum
936 2857 1032 2896 lucis
1058 2857 1197 2896 afferre
1222 2856 1356 2906 Persio
1382 2858 1530 2906 possit,
1584 2871 1631 2898 ac
1662 2861 1775 2898 doleo

181 2920 535 2968 vehementissime,
563 2930 687 2969 neque
716 2920 912 2969 Dresdae,
954 2932 1081 2969 neque
1112 2920 1267 2969 Lipsiae
1305 2919 1552 2960 novissimam
1578 2924 1627 2961 de
1653 2924 1776 2972 prima

182 2982 298 3021 satira
324 2983 618 3033 disputationem
644 2984 807 3030 Ritteri,
832 2983 915 3021 Viri
933 2983 1038 3021 docti
1064 2982 1368 3031 Max-burgensis,
1394 2984 1435 3021 in
1455 2997 1579 3022 meum
1609 2984 1774 3032 potuisse

181 3056 288 3085 usum
318 3037 578 3085 converteres
610 3045 722 3087 Quod
751 3046 792 3084 in
820 3045 1024 3094 prodromo
1052 3045 1218 3084 secundo
1247 3057 1333 3083 ineo
1361 3048 1586 3097 propediem
1612 3049 1689 3084 fiet.
